{"id": "gen8ou-2688828090", "format": "[Gen 8] OU", "players": ["oh the guilt", "Ancus Marcius"], "log": "|j|\u2606oh the guilt\n|j|\u2606Ancus Marcius\n|inactive|Battle timer is ON: inactive players will automatically lose when time's up.\n|t:|1790539271\n|gametype|singles\n|player|p1|oh the guilt|#wcop2026latinamerica2|\n|player|p2|Ancus Marcius|youngster-gen8|\n|gen|8\n|tier|[Gen 8] OU\n|rated|Tournament battle\n|rule|HP Percentage Mod: HP is shown in percentages\n|rule|Endless Battle Clause: Forcing endless battles is banned\n|rule|Sleep Clause Mod: Limit one foe put to sleep\n|rule|Species Clause: Limit one of each Pok\u00e9mon\n|rule|OHKO Clause: OHKO moves are banned\n|rule|Evasion Items Clause: Evasion items are banned\n|rule|Evasion Moves Clause: Evasion moves are banned\n|raw|<div class=\"infobox\"><details class=\"readmore\" open><summary><strong>1 custom rule:</strong></summary> !Dynamax Clause</details></div>\n|clearpoke\n|poke|p1|Moltres-Galar|\n|poke|p1|Dragapult, F|\n|poke|p1|Heatran, M|\n|poke|p1|Rotom-Wash|\n|poke|p1|Clefable, F|\n|poke|p1|Landorus-Therian, M|\n|poke|p2|Slowking-Galar, M|\n|poke|p2|Weavile, F|\n|poke|p2|Garchomp, F|\n|poke|p2|Corviknight, F|\n|poke|p2|Urshifu-*, F|\n|poke|p2|Melmetal|\n|teampreview\n|j|*Lady Monita \n|j| 1rawr1\n|inactive|oh the guilt has 120 seconds left.\n|c| 1rawr1|Gi ancusu\n|\n|t:|1790539314\n|teamsize|p1|6\n|teamsize|p2|6\n|start\n|switch|p1a: Rotom|Rotom-Wash|100/100\n|switch|p2a: Slowking|Slowking-Galar, M, shiny|100/100\n|turn|1\n|c|\u2606Ancus Marcius|thansk\n|\n|t:|1790539322\n|move|p1a: Rotom|Hydro Pump|p2a: Slowking|[miss]\n|-miss|p1a: Rotom|p2a: Slowking\n|move|p2a: Slowking|Future Sight|p1a: Rotom\n|-start|p2a: Slowking|move: Future Sight\n|\n|upkeep\n|turn|2\n|\n|t:|1790539337\n|move|p1a: Rotom|Nasty Plot|p1a: Rotom\n|-boost|p1a: Rotom|spa|2\n|move|p2a: Slowking|Scald|p1a: Rotom\n|-resisted|p1a: Rotom\n|-damage|p1a: Rotom|85/100\n|-status|p1a: Rotom|brn\n|\n|-heal|p1a: Rotom|91/100 brn|[from] item: Leftovers\n|-damage|p1a: Rotom|85/100 brn|[from] brn\n|upkeep\n|turn|3\n|\n|t:|1790539345\n|move|p1a: Rotom|Volt Switch|p2a: Slowking\n|-damage|p2a: Slowking|73/100\n|\n|t:|1790539357\n|switch|p1a: Moltres|Moltres-Galar|100/100|[from] Volt Switch\n|move|p2a: Slowking|Sludge Bomb|p1a: Moltres\n|-damage|p1a: Moltres|64/100\n|\n|-end|p1a: Moltres|move: Future Sight\n|-immune|p1a: Moltres\n|upkeep\n|turn|4\n|\n|t:|1790539369\n|switch|p2a: Melmetal|Melmetal|100/100\n|move|p1a: Moltres|Nasty Plot|p1a: Moltres\n|-boost|p1a: Moltres|spa|2\n|\n|upkeep\n|turn|5\n|\n|t:|1790539377\n|move|p1a: Moltres|Fiery Wrath|p2a: Melmetal\n|-damage|p2a: Melmetal|26/100\n|move|p2a: Melmetal|Double Iron Bash|p1a: Moltres\n|-damage|p1a: Moltres|10/100\n|-damage|p1a: Moltres|0 fnt\n|faint|p1a: Moltres\n|-hitcount|p1: Moltres|2\n|\n|-heal|p2a: Melmetal|32/100|[from] item: Leftovers\n|upkeep\n|\n|t:|1790539380\n|switch|p1a: Dragapult|Dragapult, F|100/100\n|turn|6\n|\n|t:|1790539384\n|move|p2a: Melmetal|Protect|p2a: Melmetal\n|-singleturn|p2a: Melmetal|Protect\n|move|p1a: Dragapult|Flamethrower|p2a: Melmetal\n|-activate|p2a: Melmetal|move: Protect\n|\n|-heal|p2a: Melmetal|39/100|[from] item: Leftovers\n|upkeep\n|turn|7\n|\n|t:|1790539397\n|switch|p1a: Rotom|Rotom-Wash|85/100 brn\n|switch|p2a: Slowking|Slowking-Galar, M, shiny|100/100\n|\n|-heal|p1a: Rotom|91/100 brn|[from] item: Leftovers\n|-damage|p1a: Rotom|85/100 brn|[from] brn\n|upkeep\n|turn|8\n|\n|t:|1790539402\n|move|p1a: Rotom|Nasty Plot|p1a: Rotom\n|-boost|p1a: Rotom|spa|2\n|move|p2a: Slowking|Future Sight|p1a: Rotom\n|-start|p2a: Slowking|move: Future Sight\n|\n|-heal|p1a: Rotom|91/100 brn|[from] item: Leftovers\n|-damage|p1a: Rotom|85/100 brn|[from] brn\n|upkeep\n|turn|9\n|\n|t:|1790539411\n|move|p1a: Rotom|Hydro Pump|p2a: Slowking\n|-damage|p2a: Slowking|56/100\n|move|p2a: Slowking|Sludge Bomb|p1a: Rotom\n|-crit|p1a: Rotom\n|-damage|p1a: Rotom|18/100 brn\n|\n|-heal|p1a: Rotom|24/100 brn|[from] item: Leftovers\n|-damage|p1a: Rotom|18/100 brn|[from] brn\n|upkeep\n|turn|10\n|\n|t:|1790539420\n|switch|p2a: Melmetal|Melmetal|39/100\n|move|p1a: Rotom|Pain Split|p2a: Melmetal\n|-sethp|p2a: Melmetal|26/100|[from] move: Pain Split|[silent]\n|-sethp|p1a: Rotom|35/100 brn|[from] move: Pain Split\n|\n|-end|p1a: Rotom|move: Future Sight\n|-damage|p1a: Rotom|0 fnt\n|faint|p1a: Rotom\n|-heal|p2a: Melmetal|32/100|[from] item: Leftovers\n|upkeep\n|\n|t:|1790539434\n|switch|p1a: Dragapult|Dragapult, F|100/100\n|turn|11\n|\n|t:|1790539438\n|move|p2a: Melmetal|Protect|p2a: Melmetal\n|-singleturn|p2a: Melmetal|Protect\n|move|p1a: Dragapult|Shadow Ball|p2a: Melmetal\n|-activate|p2a: Melmetal|move: Protect\n|\n|-heal|p2a: Melmetal|38/100|[from] item: Leftovers\n|upkeep\n|turn|12\n|\n|t:|1790539446\n|switch|p2a: Weavile|Weavile, F|100/100\n|-ability|p2a: Weavile|Pressure\n|move|p1a: Dragapult|Shadow Ball|p2a: Weavile\n|-resisted|p2a: Weavile\n|-damage|p2a: Weavile|67/100\n|-unboost|p2a: Weavile|spd|1\n|\n|upkeep\n|turn|13\n|\n|t:|1790539453\n|switch|p1a: Heatran|Heatran, M|100/100\n|move|p2a: Weavile|Knock Off|p1a: Heatran\n|-damage|p1a: Heatran|55/100\n|-enditem|p1a: Heatran|Leftovers|[from] move: Knock Off|[of] p2a: Weavile\n|\n|upkeep\n|turn|14\n|\n|t:|1790539467\n|switch|p2a: Garchomp|Garchomp, F, shiny|100/100\n|move|p1a: Heatran|Toxic|p2a: Garchomp|[miss]\n|-miss|p1a: Heatran|p2a: Garchomp\n|\n|upkeep\n|turn|15\n|c|\u2606oh the guilt|man\n|c|\u2606oh the guilt|u have a garden\n|\n|t:|1790539477\n|switch|p1a: Clefable|Clefable, F|100/100\n|move|p2a: Garchomp|Stealth Rock|p1a: Clefable\n|-sidestart|p1: oh the guilt|move: Stealth Rock\n|\n|upkeep\n|turn|16\n|\n|t:|1790539483\n|switch|p2a: Slowking|Slowking-Galar, M, shiny|89/100\n|move|p1a: Clefable|Stealth Rock|p2a: Slowking\n|-sidestart|p2: Ancus Marcius|move: Stealth Rock\n|\n|upkeep\n|turn|17\n|\n|t:|1790539488\n|move|p1a: Clefable|Thunder Wave|p2a: Slowking\n|-status|p2a: Slowking|par\n|cant|p2a: Slowking|par\n|\n|upkeep\n|turn|18\n|\n|t:|1790539492\n|switch|p1a: Heatran|Heatran, M|55/100\n|-damage|p1a: Heatran|43/100|[from] Stealth Rock\n|move|p2a: Slowking|Future Sight|p1a: Heatran\n|-start|p2a: Slowking|move: Future Sight\n|\n|upkeep\n|turn|19\n|\n|t:|1790539497\n|move|p1a: Heatran|Magma Storm|p2a: Slowking\n|-damage|p2a: Slowking|65/100 par\n|-activate|p2a: Slowking|move: Magma Storm|[of] p1a: Heatran\n|move|p2a: Slowking|Scald|p1a: Heatran\n|-supereffective|p1a: Heatran\n|-damage|p1a: Heatran|7/100\n|\n|-damage|p2a: Slowking|52/100 par|[from] move: Magma Storm|[partiallytrapped]\n|upkeep\n|turn|20\n|\n|t:|1790539511\n|move|p1a: Heatran|Taunt|p2a: Slowking\n|-start|p2a: Slowking|move: Taunt\n|move|p2a: Slowking|Sludge Bomb|p1a: Heatran\n|-immune|p1a: Heatran\n|\n|-end|p1a: Heatran|move: Future Sight\n|-resisted|p1a: Heatran\n|-damage|p1a: Heatran|0 fnt\n|faint|p1a: Heatran\n|-end|p2a: Slowking|Magma Storm|[partiallytrapped]|[silent]\n|upkeep\n|\n|t:|1790539519\n|switch|p1a: Landorus|Landorus-Therian, M|100/100\n|-damage|p1a: Landorus|88/100|[from] Stealth Rock\n|-ability|p1a: Landorus|Intimidate|boost\n|-unboost|p2a: Slowking|atk|1\n|turn|21\n|\n|t:|1790539528\n|switch|p2a: Corviknight|Corviknight, F, shiny|100/100\n|-damage|p2a: Corviknight|88/100|[from] Stealth Rock\n|-ability|p2a: Corviknight|Pressure\n|move|p1a: Landorus|Swords Dance|p1a: Landorus\n|-boost|p1a: Landorus|atk|2\n|\n|-heal|p1a: Landorus|94/100|[from] item: Leftovers\n|upkeep\n|turn|22\n|\n|t:|1790539539\n|move|p1a: Landorus|Knock Off|p2a: Corviknight\n|-damage|p2a: Corviknight|40/100\n|-damage|p1a: Landorus|78/100|[from] item: Rocky Helmet|[of] p2a: Corviknight\n|-enditem|p2a: Corviknight|Rocky Helmet|[from] move: Knock Off|[of] p1a: Landorus\n|move|p2a: Corviknight|U-turn|p1a: Landorus\n|-resisted|p1a: Landorus\n|-damage|p1a: Landorus|69/100\n|\n|t:|1790539543\n|switch|p2a: Urshifu|Urshifu-Rapid-Strike, F|100/100|[from] U-turn\n|-damage|p2a: Urshifu|94/100|[from] Stealth Rock\n|\n|-heal|p1a: Landorus|74/100|[from] item: Leftovers\n|upkeep\n|turn|23\n|\n|t:|1790539549\n|move|p2a: Urshifu|Surging Strikes|p1a: Landorus\n|-supereffective|p1a: Landorus\n|-crit|p1a: Landorus\n|-damage|p1a: Landorus|29/100\n|-supereffective|p1a: Landorus\n|-crit|p1a: Landorus\n|-damage|p1a: Landorus|0 fnt\n|faint|p1a: Landorus\n|-hitcount|p1: Landorus|2\n|\n|upkeep\n|\n|t:|1790539551\n|switch|p1a: Dragapult|Dragapult, F|100/100\n|-damage|p1a: Dragapult|88/100|[from] Stealth Rock\n|turn|24\n|j| djspike343\n|\n|t:|1790539565\n|-start|p2a: Urshifu|Dynamax|\n|-heal|p2a: Urshifu|94/100|[silent]\n|move|p1a: Dragapult|Shadow Ball|p2a: Urshifu\n|-damage|p2a: Urshifu|58/100\n|move|p2a: Urshifu|Max Hailstorm|p1a: Dragapult\n|-supereffective|p1a: Dragapult\n|-damage|p1a: Dragapult|0 fnt\n|-weather|Hail\n|faint|p1a: Dragapult\n|\n|-weather|Hail|[upkeep]\n|-damage|p2a: Urshifu|55/100|[from] Hail\n|upkeep\n|-message|oh the guilt forfeited.\n|\n|win|Ancus Marcius\n|n|\u2606oh the guilt|ohtheguilt\n|n|\u2606Ancus Marcius|ancusmarcius\n|n|*Lady Monita |ladymonita\n|n| 1rawr1|1rawr1\n|n| djspike343|djspike343\n", "uploadtime": 1790539572, "views": "21", "formatid": "gen8ou", "rating": null, "private": 0, "password": null}