{"id": "gen8ou-2691743326", "format": "[Gen 8] OU", "players": ["Ntilikina", "Sir Grandmaster"], "log": "|j|\u2606Ntilikina\n|j|\u2606Sir Grandmaster\n|inactive|Battle timer is ON: inactive players will automatically lose when time's up.\n|t:|1790961828\n|gametype|singles\n|player|p1|Ntilikina|nita|\n|player|p2|Sir Grandmaster|ghetsis|\n|gen|8\n|tier|[Gen 8] OU\n|rated|Tournament battle\n|rule|HP Percentage Mod: HP is shown in percentages\n|rule|Endless Battle Clause: Forcing endless battles is banned\n|rule|Sleep Clause Mod: Limit one foe put to sleep\n|rule|Species Clause: Limit one of each Pok\u00e9mon\n|rule|OHKO Clause: OHKO moves are banned\n|rule|Evasion Items Clause: Evasion items are banned\n|rule|Evasion Moves Clause: Evasion moves are banned\n|raw|<div class=\"infobox\"><details class=\"readmore\" open><summary><strong>1 custom rule:</strong></summary> !dynamaxclause</details></div>\n|clearpoke\n|poke|p1|Pelipper, M|\n|poke|p1|Barraskewda, F|\n|poke|p1|Ferrothorn, M|\n|poke|p1|Garchomp, M|\n|poke|p1|Tapu Lele|\n|poke|p1|Zapdos|\n|poke|p2|Landorus-Therian, M|\n|poke|p2|Shuckle, F|\n|poke|p2|Zapdos-Galar|\n|poke|p2|Latios, M|\n|poke|p2|Blaziken, F|\n|poke|p2|Volcarona, M|\n|teampreview\n|j|*Lady Monita \n|inactive|Sir Grandmaster has 120 seconds left.\n|\n|t:|1790961869\n|teamsize|p1|6\n|teamsize|p2|6\n|start\n|switch|p1a: Barraskewda|Barraskewda, F|100/100\n|switch|p2a: Shuckle|Shuckle, F|100/100\n|turn|1\n|\n|t:|1790961888\n|move|p1a: Barraskewda|Liquidation|p2a: Shuckle\n|-supereffective|p2a: Shuckle\n|-damage|p2a: Shuckle|23/100\n|move|p2a: Shuckle|Sticky Web|p1a: Barraskewda\n|-sidestart|p1: Ntilikina|move: Sticky Web\n|\n|upkeep\n|turn|2\n|\n|t:|1790961895\n|move|p1a: Barraskewda|Liquidation|p2a: Shuckle\n|-supereffective|p2a: Shuckle\n|-damage|p2a: Shuckle|0 fnt\n|faint|p2a: Shuckle\n|\n|upkeep\n|\n|t:|1790961906\n|switch|p2a: Latios|Latios, M|100/100\n|turn|3\n|inactive|Ntilikina has 120 seconds left.\n|\n|t:|1790961960\n|switch|p1a: Ferrothorn|Ferrothorn, M|100/100\n|-activate|p1a: Ferrothorn|move: Sticky Web\n|-unboost|p1a: Ferrothorn|spe|1\n|move|p2a: Latios|Draco Meteor|p1a: Ferrothorn\n|-resisted|p1a: Ferrothorn\n|-damage|p1a: Ferrothorn|76/100\n|-unboost|p2a: Latios|spa|2\n|\n|upkeep\n|turn|4\n|\n|t:|1790961970\n|switch|p2a: Volcarona|Volcarona, M|100/100\n|switch|p1a: Pelipper|Pelipper, M|100/100\n|-weather|RainDance|[from] ability: Drizzle|[of] p1a: Pelipper\n|\n|-weather|RainDance|[upkeep]\n|upkeep\n|turn|5\n|\n|t:|1790961977\n|move|p2a: Volcarona|Quiver Dance|p2a: Volcarona\n|-boost|p2a: Volcarona|spa|1\n|-boost|p2a: Volcarona|spd|1\n|-boost|p2a: Volcarona|spe|1\n|move|p1a: Pelipper|Scald|p2a: Volcarona\n|-supereffective|p2a: Volcarona\n|-damage|p2a: Volcarona|48/100\n|\n|-weather|RainDance|[upkeep]\n|upkeep\n|turn|6\n|j|+KachoFugetsu\n|\n|t:|1790961982\n|move|p2a: Volcarona|Giga Drain|p1a: Pelipper\n|-damage|p1a: Pelipper|45/100\n|-heal|p2a: Volcarona|77/100|[from] drain|[of] p1a: Pelipper\n|move|p1a: Pelipper|Defog|p2a: Volcarona\n|-unboost|p2a: Volcarona|evasion|1\n|-sideend|p1: Ntilikina|Sticky Web|[from] move: Defog|[of] p1a: Pelipper\n|\n|-weather|RainDance|[upkeep]\n|upkeep\n|turn|7\n|inactive|Ntilikina has 120 seconds left.\n|\n|t:|1790961990\n|switch|p1a: Ferrothorn|Ferrothorn, M|76/100\n|move|p2a: Volcarona|Giga Drain|p1a: Ferrothorn\n|-resisted|p1a: Ferrothorn\n|-damage|p1a: Ferrothorn|69/100\n|-heal|p2a: Volcarona|81/100|[from] drain|[of] p1a: Ferrothorn\n|\n|-weather|RainDance|[upkeep]\n|upkeep\n|turn|8\n|\n|t:|1790961997\n|move|p2a: Volcarona|Quiver Dance|p2a: Volcarona\n|-boost|p2a: Volcarona|spa|1\n|-boost|p2a: Volcarona|spd|1\n|-boost|p2a: Volcarona|spe|1\n|move|p1a: Ferrothorn|Knock Off|p2a: Volcarona\n|-damage|p2a: Volcarona|46/100\n|-enditem|p2a: Volcarona|Heavy-Duty Boots|[from] move: Knock Off|[of] p1a: Ferrothorn\n|\n|-weather|RainDance|[upkeep]\n|upkeep\n|turn|9\n|l|+KachoFugetsu\n|\n|t:|1790962012\n|move|p2a: Volcarona|Fiery Dance|p1a: Ferrothorn\n|-supereffective|p1a: Ferrothorn\n|-damage|p1a: Ferrothorn|0 fnt\n|-boost|p2a: Volcarona|spa|1\n|faint|p1a: Ferrothorn\n|\n|-weather|RainDance|[upkeep]\n|upkeep\n|\n|t:|1790962025\n|switch|p1a: Barraskewda|Barraskewda, F|100/100\n|turn|10\n|\n|t:|1790962039\n|move|p1a: Barraskewda|Flip Turn|p2a: Volcarona\n|-supereffective|p2a: Volcarona\n|-damage|p2a: Volcarona|0 fnt\n|faint|p2a: Volcarona\n|\n|t:|1790962047\n|switch|p1a: Tapu Lele|Tapu Lele|100/100|[from] Flip Turn\n|-fieldstart|move: Psychic Terrain|[from] ability: Psychic Surge|[of] p1a: Tapu Lele\n|\n|-weather|RainDance|[upkeep]\n|upkeep\n|\n|t:|1790962064\n|switch|p2a: Zapdos|Zapdos-Galar|100/100\n|turn|11\n|\n|t:|1790962082\n|move|p2a: Zapdos|Brave Bird|p1a: Tapu Lele\n|-damage|p1a: Tapu Lele|0 fnt\n|faint|p1a: Tapu Lele\n|-damage|p2a: Zapdos|72/100|[from] Recoil\n|\n|-weather|none\n|upkeep\n|inactive|Ntilikina has 120 seconds left.\n|\n|t:|1790962093\n|switch|p1a: Pelipper|Pelipper, M|45/100\n|-weather|RainDance|[from] ability: Drizzle|[of] p1a: Pelipper\n|turn|12\n|j|+KachoFugetsu\n|\n|t:|1790962111\n|move|p2a: Zapdos|Brave Bird|p1a: Pelipper\n|-damage|p1a: Pelipper|0 fnt\n|faint|p1a: Pelipper\n|-damage|p2a: Zapdos|57/100|[from] Recoil\n|\n|-weather|RainDance|[upkeep]\n|upkeep\n|l|+KachoFugetsu\n|\n|t:|1790962118\n|switch|p1a: Barraskewda|Barraskewda, F|100/100\n|turn|13\n|\n|t:|1790962125\n|move|p1a: Barraskewda|Liquidation|p2a: Zapdos\n|-damage|p2a: Zapdos|0 fnt\n|faint|p2a: Zapdos\n|\n|-weather|RainDance|[upkeep]\n|upkeep\n|\n|t:|1790962133\n|switch|p2a: Latios|Latios, M|100/100\n|turn|14\n|\n|t:|1790962139\n|-start|p1a: Barraskewda|Dynamax|\n|-heal|p1a: Barraskewda|100/100|[silent]\n|move|p1a: Barraskewda|Max Darkness|p2a: Latios\n|-supereffective|p2a: Latios\n|-damage|p2a: Latios|0 fnt\n|faint|p2a: Latios\n|\n|-weather|RainDance|[upkeep]\n|-fieldend|move: Psychic Terrain\n|upkeep\n|j| cleox\n|l| cleox\n|\n|t:|1790962166\n|switch|p2a: Blaziken|Blaziken, F|100/100\n|turn|15\n|\n|t:|1790962171\n|-start|p2a: Blaziken|Dynamax|\n|-heal|p2a: Blaziken|100/100|[silent]\n|move|p2a: Blaziken|Max Guard|p2a: Blaziken\n|-singleturn|p2a: Blaziken|Max Guard\n|move|p1a: Barraskewda|Max Geyser|p2a: Blaziken\n|-activate|p2a: Blaziken|move: Max Guard\n|\n|-weather|RainDance|[upkeep]\n|-ability|p2a: Blaziken|Speed Boost|boost\n|-boost|p2a: Blaziken|spe|1\n|upkeep\n|turn|16\n|c|\u2606Ntilikina|gg\n|\n|t:|1790962191\n|move|p1a: Barraskewda|Max Geyser|p2a: Blaziken\n|-supereffective|p2a: Blaziken\n|-enditem|p2a: Blaziken|Focus Sash\n|-damage|p2a: Blaziken|1/100\n|move|p2a: Blaziken|Max Knuckle|p1a: Barraskewda\n|-damage|p1a: Barraskewda|51/100\n|-boost|p2a: Blaziken|atk|1\n|\n|-weather|RainDance|[upkeep]\n|-ability|p2a: Blaziken|Speed Boost|boost\n|-boost|p2a: Blaziken|spe|1\n|upkeep\n|-end|p1a: Barraskewda|Dynamax\n|-heal|p1a: Barraskewda|51/100|[silent]\n|turn|17\n|inactive|Sir Grandmaster has 120 seconds left.\n|c|\u2606Sir Grandmaster|gg\n|\n|t:|1790962218\n|move|p1a: Barraskewda|Liquidation|p2a: Blaziken\n|-supereffective|p2a: Blaziken\n|-damage|p2a: Blaziken|0 fnt\n|faint|p2a: Blaziken\n|\n|-weather|RainDance|[upkeep]\n|upkeep\n|\n|t:|1790962220\n|switch|p2a: Landorus|Landorus-Therian, M|100/100\n|-ability|p2a: Landorus|Intimidate|boost\n|-unboost|p1a: Barraskewda|atk|1\n|turn|18\n|inactive|Sir Grandmaster has 120 seconds left.\n|\n|t:|1790962226\n|move|p1a: Barraskewda|Liquidation|p2a: Landorus\n|-supereffective|p2a: Landorus\n|-damage|p2a: Landorus|0 fnt\n|faint|p2a: Landorus\n|\n|win|Ntilikina\n|n|\u2606Ntilikina|ntilikina\n|n|\u2606Sir Grandmaster|sirgrandmaster\n|n|*Lady Monita |ladymonita\n", "uploadtime": 1790962227, "views": "1", "formatid": "gen8ou", "rating": null, "private": 0, "password": null}