{"id": "gen8ou-2694665512", "format": "[Gen 8] OU", "players": ["Infernoss", "d0minik"], "log": "|j|\u2606Infernoss\n|j|\u2606d0minik\n|t:|1791413165\n|gametype|singles\n|player|p1|Infernoss|pokemonrangerf-gen4|1254\n|player|p2|d0minik|benga|1118\n|gen|8\n|tier|[Gen 8] OU\n|rated|\n|rule|HP Percentage Mod: HP is shown in percentages\n|rule|Endless Battle Clause: Forcing endless battles is banned\n|rule|Sleep Clause Mod: Limit one foe put to sleep\n|rule|Species Clause: Limit one of each Pok\u00e9mon\n|rule|OHKO Clause: OHKO moves are banned\n|rule|Evasion Items Clause: Evasion items are banned\n|rule|Evasion Moves Clause: Evasion moves are banned\n|rule|Dynamax Clause: You cannot dynamax\n|clearpoke\n|poke|p1|Slowbro, M|\n|poke|p1|Hatterene, F|\n|poke|p1|Ferrothorn, M|\n|poke|p1|Garchomp, M|\n|poke|p1|Marowak-Alola, M|\n|poke|p1|Drampa, M|\n|poke|p2|Tyranitar, M|\n|poke|p2|Excadrill, F|\n|poke|p2|Urshifu-*, F|\n|poke|p2|Tapu Lele|\n|poke|p2|Zapdos|\n|poke|p2|Ferrothorn, M|\n|teampreview\n|inactive|Battle timer is ON: inactive players will automatically lose when time's up. (requested by Infernoss)\n|\n|t:|1791413184\n|teamsize|p1|6\n|teamsize|p2|6\n|start\n|switch|p1a: Sonso|Slowbro, M|100/100\n|switch|p2a: Excadrill|Excadrill, F|100/100\n|turn|1\n|\n|t:|1791413198\n|switch|p2a: Zapdos|Zapdos|100/100\n|move|p1a: Sonso|Scald|p2a: Zapdos\n|-damage|p2a: Zapdos|75/100\n|\n|upkeep\n|turn|2\n|\n|t:|1791413205\n|switch|p1a: Pincho|Ferrothorn, M|100/100\n|move|p2a: Zapdos|Hurricane|p1a: Pincho\n|-damage|p1a: Pincho|72/100\n|\n|-heal|p1a: Pincho|79/100|[from] item: Leftovers\n|upkeep\n|turn|3\n|\n|t:|1791413214\n|switch|p1a: Sharko|Garchomp, M|100/100\n|move|p2a: Zapdos|Heat Wave|p1a: Sharko\n|-resisted|p1a: Sharko\n|-damage|p1a: Sharko|87/100\n|\n|-heal|p1a: Sharko|93/100|[from] item: Leftovers\n|upkeep\n|turn|4\n|\n|t:|1791413226\n|switch|p2a: Tapu Lele|Tapu Lele|100/100\n|-fieldstart|move: Psychic Terrain|[from] ability: Psychic Surge|[of] p2a: Tapu Lele\n|move|p1a: Sharko|Stone Edge|p2a: Tapu Lele\n|-damage|p2a: Tapu Lele|50/100\n|\n|-heal|p1a: Sharko|99/100|[from] item: Leftovers\n|upkeep\n|turn|5\n|\n|t:|1791413242\n|switch|p1a: Pincho|Ferrothorn, M|79/100\n|move|p2a: Tapu Lele|Future Sight|p1a: Pincho\n|-start|p2a: Tapu Lele|move: Future Sight\n|\n|-heal|p1a: Pincho|85/100|[from] item: Leftovers\n|upkeep\n|turn|6\n|\n|t:|1791413250\n|switch|p2a: Tyranitar|Tyranitar, M|100/100\n|-weather|Sandstorm|[from] ability: Sand Stream|[of] p2a: Tyranitar\n|move|p1a: Pincho|Stealth Rock|p2a: Tyranitar\n|-sidestart|p2: d0minik|move: Stealth Rock\n|\n|-weather|Sandstorm|[upkeep]\n|-heal|p1a: Pincho|91/100|[from] item: Leftovers\n|upkeep\n|turn|7\n|\n|t:|1791413262\n|move|p2a: Tyranitar|Fire Punch|p1a: Pincho\n|-supereffective|p1a: Pincho\n|-damage|p1a: Pincho|0 fnt\n|-damage|p2a: Tyranitar|88/100|[from] ability: Iron Barbs|[of] p1a: Pincho\n|faint|p1a: Pincho\n|\n|-weather|Sandstorm|[upkeep]\n|-hint|Future Sight did not hit because the target is fainted.\n|upkeep\n|\n|t:|1791413270\n|switch|p1a: Sharko|Garchomp, M|99/100\n|turn|8\n|\n|t:|1791413282\n|switch|p2a: Urshifu|Urshifu-Rapid-Strike, F|100/100\n|-damage|p2a: Urshifu|94/100|[from] Stealth Rock\n|move|p1a: Sharko|Swords Dance|p1a: Sharko\n|-boost|p1a: Sharko|atk|2\n|\n|-weather|Sandstorm|[upkeep]\n|-damage|p2a: Urshifu|88/100|[from] Sandstorm\n|-heal|p1a: Sharko|100/100|[from] item: Leftovers\n|-fieldend|move: Psychic Terrain\n|upkeep\n|turn|9\n|\n|t:|1791413291\n|move|p1a: Sharko|Earthquake|p2a: Urshifu\n|-crit|p2a: Urshifu\n|-damage|p2a: Urshifu|0 fnt\n|faint|p2a: Urshifu\n|\n|-weather|Sandstorm|[upkeep]\n|upkeep\n|\n|t:|1791413298\n|switch|p2a: Tapu Lele|Tapu Lele|50/100\n|-damage|p2a: Tapu Lele|38/100|[from] Stealth Rock\n|-fieldstart|move: Psychic Terrain|[from] ability: Psychic Surge|[of] p2a: Tapu Lele\n|turn|10\n|\n|t:|1791413305\n|switch|p1a: Billy B.|Marowak-Alola, M|100/100\n|move|p2a: Tapu Lele|Moonblast|p1a: Billy B.\n|-resisted|p1a: Billy B.\n|-damage|p1a: Billy B.|65/100\n|-unboost|p1a: Billy B.|spa|1\n|\n|-weather|none\n|upkeep\n|turn|11\n|\n|t:|1791413313\n|switch|p2a: Tyranitar|Tyranitar, M|88/100\n|-damage|p2a: Tyranitar|76/100|[from] Stealth Rock\n|-weather|Sandstorm|[from] ability: Sand Stream|[of] p2a: Tyranitar\n|move|p1a: Billy B.|Flare Blitz|p2a: Tyranitar\n|-resisted|p2a: Tyranitar\n|-damage|p2a: Tyranitar|32/100\n|\n|-weather|Sandstorm|[upkeep]\n|-damage|p1a: Billy B.|59/100|[from] Sandstorm\n|upkeep\n|turn|12\n|\n|t:|1791413336\n|switch|p1a: Falkor|Drampa, M|100/100\n|move|p2a: Tyranitar|Ice Punch|p1a: Falkor\n|-supereffective|p1a: Falkor\n|-damage|p1a: Falkor|10/100\n|-ability|p1a: Falkor|Berserk|boost\n|-boost|p1a: Falkor|spa|1\n|\n|-weather|Sandstorm|[upkeep]\n|-damage|p1a: Falkor|4/100|[from] Sandstorm\n|upkeep\n|turn|13\n|\n|t:|1791413351\n|switch|p1a: Sonso|Slowbro, M|100/100\n|move|p2a: Tyranitar|Ice Punch|p1a: Sonso\n|-resisted|p1a: Sonso\n|-damage|p1a: Sonso|87/100\n|\n|-weather|Sandstorm|[upkeep]\n|-damage|p1a: Sonso|80/100|[from] Sandstorm\n|upkeep\n|turn|14\n|\n|t:|1791413361\n|switch|p2a: Ferrothorn|Ferrothorn, M|100/100\n|-damage|p2a: Ferrothorn|95/100|[from] Stealth Rock\n|switch|p1a: Sharko|Garchomp, M|100/100\n|\n|-weather|Sandstorm|[upkeep]\n|-heal|p2a: Ferrothorn|100/100|[from] item: Leftovers\n|-fieldend|move: Psychic Terrain\n|upkeep\n|turn|15\n|\n|t:|1791413371\n|switch|p1a: Gorra|Hatterene, F|100/100\n|move|p2a: Ferrothorn|Leech Seed|p1a: Gorra\n|move|p1a: Gorra|Leech Seed|p2a: Ferrothorn|[from] ability: Magic Bounce\n|-immune|p2a: Ferrothorn\n|\n|-weather|none\n|upkeep\n|turn|16\n|inactive|d0minik has 120 seconds left.\n|\n|t:|1791413417\n|move|p1a: Gorra|Mystical Fire|p2a: Ferrothorn\n|-supereffective|p2a: Ferrothorn\n|-damage|p2a: Ferrothorn|42/100\n|-unboost|p2a: Ferrothorn|spa|1\n|move|p2a: Ferrothorn|Knock Off|p1a: Gorra\n|-damage|p1a: Gorra|80/100\n|-enditem|p1a: Gorra|Kasib Berry|[from] move: Knock Off|[of] p2a: Ferrothorn\n|\n|-heal|p2a: Ferrothorn|48/100|[from] item: Leftovers\n|upkeep\n|turn|17\n|\n|t:|1791413427\n|switch|p2a: Zapdos|Zapdos|75/100\n|move|p1a: Gorra|Mystical Fire|p2a: Zapdos\n|-damage|p2a: Zapdos|52/100\n|-unboost|p2a: Zapdos|spa|1\n|\n|upkeep\n|turn|18\n|\n|t:|1791413437\n|move|p2a: Zapdos|Hurricane|p1a: Gorra\n|-damage|p1a: Gorra|55/100\n|-start|p1a: Gorra|confusion\n|-activate|p1a: Gorra|confusion\n|move|p1a: Gorra|Trick Room|p1a: Gorra\n|-fieldstart|move: Trick Room|[of] p1a: Gorra\n|\n|upkeep\n|turn|19\n|\n|t:|1791413447\n|-activate|p1a: Gorra|confusion\n|-damage|p1a: Gorra|48/100|[from] confusion\n|move|p2a: Zapdos|Roost|p2a: Zapdos\n|-heal|p2a: Zapdos|100/100\n|-singleturn|p2a: Zapdos|move: Roost\n|\n|upkeep\n|turn|20\n|inactive|d0minik has 120 seconds left.\n|\n|t:|1791413453\n|-activate|p1a: Gorra|confusion\n|move|p1a: Gorra|Healing Wish|p1a: Gorra\n|faint|p1a: Gorra\n|move|p2a: Zapdos|Volt Switch|p1: Gorra|[notarget]\n|-fail|p2a: Zapdos\n|\n|upkeep\n|\n|t:|1791413458\n|switch|p1a: Falkor|Drampa, M|4/100\n|-heal|p1a: Falkor|100/100|[from] move: Healing Wish\n|turn|21\n|\n|t:|1791413465\n|move|p1a: Falkor|Ice Beam|p2a: Zapdos\n|-supereffective|p2a: Zapdos\n|-damage|p2a: Zapdos|27/100\n|move|p2a: Zapdos|Hurricane|p1a: Falkor\n|-damage|p1a: Falkor|66/100\n|-start|p1a: Falkor|confusion\n|\n|upkeep\n|turn|22\n|\n|t:|1791413473\n|-activate|p1a: Falkor|confusion\n|move|p1a: Falkor|Ice Beam|p2a: Zapdos\n|-supereffective|p2a: Zapdos\n|-damage|p2a: Zapdos|0 fnt\n|faint|p2a: Zapdos\n|\n|-fieldend|move: Trick Room\n|upkeep\n|\n|t:|1791413482\n|switch|p2a: Ferrothorn|Ferrothorn, M|48/100\n|-damage|p2a: Ferrothorn|42/100|[from] Stealth Rock\n|turn|23\n|\n|t:|1791413492\n|move|p2a: Ferrothorn|Stealth Rock|p1a: Falkor\n|-sidestart|p1: Infernoss|move: Stealth Rock\n|-activate|p1a: Falkor|confusion\n|-damage|p1a: Falkor|61/100|[from] confusion\n|\n|-heal|p2a: Ferrothorn|48/100|[from] item: Leftovers\n|upkeep\n|turn|24\n|c|\u2606Infernoss|2 times\n|\n|t:|1791413503\n|move|p2a: Ferrothorn|Leech Seed|p1a: Falkor\n|-start|p1a: Falkor|move: Leech Seed\n|-activate|p1a: Falkor|confusion\n|move|p1a: Falkor|Focus Blast|p2a: Ferrothorn|[miss]\n|-miss|p1a: Falkor|p2a: Ferrothorn\n|\n|-heal|p2a: Ferrothorn|54/100|[from] item: Leftovers\n|-damage|p1a: Falkor|49/100|[from] Leech Seed|[of] p2a: Ferrothorn\n|-heal|p2a: Ferrothorn|67/100|[silent]\n|upkeep\n|turn|25\n|c|\u2606d0minik|caba saba muito\n|\n|t:|1791413514\n|move|p2a: Ferrothorn|Body Press|p1a: Falkor\n|-supereffective|p1a: Falkor\n|-crit|p1a: Falkor\n|-enditem|p1a: Falkor|Chople Berry|[eat]\n|-enditem|p1a: Falkor|Chople Berry|[weaken]\n|-damage|p1a: Falkor|3/100\n|-end|p1a: Falkor|confusion\n|move|p1a: Falkor|Ice Beam|p2a: Ferrothorn\n|-damage|p2a: Ferrothorn|42/100\n|\n|-heal|p2a: Ferrothorn|48/100|[from] item: Leftovers\n|-damage|p1a: Falkor|0 fnt|[from] Leech Seed|[of] p2a: Ferrothorn\n|-heal|p2a: Ferrothorn|50/100|[silent]\n|faint|p1a: Falkor\n|upkeep\n|c|\u2606Infernoss|lol\n|c|\u2606Infernoss|crit\n|\n|t:|1791413535\n|switch|p1a: Sonso|Slowbro, M|100/100\n|-damage|p1a: Sonso|88/100|[from] Stealth Rock\n|turn|26\n|c|\u2606d0minik|de qualquer jeito tu ia perder ele[\n|c|\u2606Infernoss|lol\n|\n|t:|1791413550\n|move|p2a: Ferrothorn|Leech Seed|p1a: Sonso\n|-start|p1a: Sonso|move: Leech Seed\n|move|p1a: Sonso|Body Press|p2a: Ferrothorn\n|-supereffective|p2a: Ferrothorn\n|-damage|p2a: Ferrothorn|12/100\n|-damage|p1a: Sonso|76/100|[from] ability: Iron Barbs|[of] p2a: Ferrothorn\n|\n|-heal|p2a: Ferrothorn|18/100|[from] item: Leftovers\n|-damage|p1a: Sonso|63/100|[from] Leech Seed|[of] p2a: Ferrothorn\n|-heal|p2a: Ferrothorn|32/100|[silent]\n|upkeep\n|turn|27\n|\n|t:|1791413565\n|move|p2a: Ferrothorn|Knock Off|p1a: Sonso\n|-supereffective|p1a: Sonso\n|-enditem|p1a: Sonso|Colbur Berry|[eat]\n|-enditem|p1a: Sonso|Colbur Berry|[weaken]\n|-damage|p1a: Sonso|51/100\n|move|p1a: Sonso|Trick Room|p1a: Sonso\n|-fieldstart|move: Trick Room|[of] p1a: Sonso\n|\n|-heal|p2a: Ferrothorn|38/100|[from] item: Leftovers\n|-damage|p1a: Sonso|39/100|[from] Leech Seed|[of] p2a: Ferrothorn\n|-heal|p2a: Ferrothorn|52/100|[silent]\n|upkeep\n|turn|28\n|\n|t:|1791413576\n|switch|p1a: Sharko|Garchomp, M|100/100\n|-damage|p1a: Sharko|94/100|[from] Stealth Rock\n|move|p2a: Ferrothorn|Knock Off|p1a: Sharko\n|-damage|p1a: Sharko|72/100\n|-damage|p2a: Ferrothorn|40/100|[from] ability: Rough Skin|[of] p1a: Sharko\n|-enditem|p1a: Sharko|Leftovers|[from] move: Knock Off|[of] p2a: Ferrothorn\n|\n|-heal|p2a: Ferrothorn|46/100|[from] item: Leftovers\n|upkeep\n|turn|29\n|\n|t:|1791413591\n|move|p2a: Ferrothorn|Leech Seed|p1a: Sharko\n|-start|p1a: Sharko|move: Leech Seed\n|move|p1a: Sharko|Earthquake|p2a: Ferrothorn\n|-damage|p2a: Ferrothorn|7/100\n|\n|-heal|p2a: Ferrothorn|13/100|[from] item: Leftovers\n|-damage|p1a: Sharko|60/100|[from] Leech Seed|[of] p2a: Ferrothorn\n|-heal|p2a: Ferrothorn|26/100|[silent]\n|upkeep\n|turn|30\n|c|\u2606Infernoss|see?\n|\n|t:|1791413604\n|move|p2a: Ferrothorn|Body Press|p1a: Sharko\n|-crit|p1a: Sharko\n|-damage|p1a: Sharko|19/100\n|-damage|p2a: Ferrothorn|13/100|[from] ability: Rough Skin|[of] p1a: Sharko\n|move|p1a: Sharko|Earthquake|p2a: Ferrothorn\n|-damage|p2a: Ferrothorn|0 fnt\n|faint|p2a: Ferrothorn\n|\n|upkeep\n|c|\u2606Infernoss|i need fuciking dead that shit\n|c|\u2606Infernoss|is fucking luck\n|\n|t:|1791413616\n|switch|p2a: Tyranitar|Tyranitar, M|32/100\n|-damage|p2a: Tyranitar|20/100|[from] Stealth Rock\n|-weather|Sandstorm|[from] ability: Sand Stream|[of] p2a: Tyranitar\n|turn|31\n|c|\u2606Infernoss|every turn\n|\n|t:|1791413626\n|switch|p1a: Billy B.|Marowak-Alola, M|59/100\n|-damage|p1a: Billy B.|34/100|[from] Stealth Rock\n|move|p2a: Tyranitar|Crunch|p1a: Billy B.\n|-supereffective|p1a: Billy B.\n|-damage|p1a: Billy B.|0 fnt\n|faint|p1a: Billy B.\n|\n|-weather|Sandstorm|[upkeep]\n|-fieldend|move: Trick Room\n|upkeep\n|c|\u2606d0minik|yes\n|inactive|Infernoss has 120 seconds left.\n|\n|t:|1791413667\n|switch|p1a: Sonso|Slowbro, M|72/100\n|-damage|p1a: Sonso|59/100|[from] Stealth Rock\n|turn|32\n|\n|t:|1791413671\n|move|p2a: Tyranitar|Crunch|p1a: Sonso\n|-supereffective|p1a: Sonso\n|-damage|p1a: Sonso|0 fnt\n|faint|p1a: Sonso\n|\n|-weather|Sandstorm|[upkeep]\n|upkeep\n|\n|t:|1791413678\n|switch|p1a: Sharko|Garchomp, M|19/100\n|-damage|p1a: Sharko|13/100|[from] Stealth Rock\n|turn|33\n|c|\u2606Infernoss|pure luck\n|inactive|Infernoss has 120 seconds left.\n|c|\u2606d0minik|gg\n|n|!Infernoss|infernoss\n|\n|t:|1791413701\n|move|p1a: Sharko|Earthquake|p2a: Tyranitar\n|-supereffective|p2a: Tyranitar\n|-damage|p2a: Tyranitar|0 fnt\n|faint|p2a: Tyranitar\n|\n|-weather|Sandstorm|[upkeep]\n|upkeep\n|c|\u2606d0minik|i am a luck boy\n|-message|Infernoss forfeited.\n|\n|win|d0minik\n", "uploadtime": 1791413610, "views": "4", "formatid": "gen8ou", "rating": null, "private": 0, "password": null}