{"id": "gen8ou-2692272103", "format": "[Gen 8] OU", "players": ["sylgio", "giosyl"], "log": "|j|\u2606sylgio\n|j|\u2606giosyl\n|t:|1791049999\n|gametype|singles\n|player|p1|sylgio|n-masters|\n|player|p2|giosyl|lysandre-masters|\n|gen|8\n|tier|[Gen 8] OU\n|rule|HP Percentage Mod: HP is shown in percentages\n|rule|Endless Battle Clause: Forcing endless battles is banned\n|rule|Sleep Clause Mod: Limit one foe put to sleep\n|rule|Species Clause: Limit one of each Pok\u00e9mon\n|rule|OHKO Clause: OHKO moves are banned\n|rule|Evasion Items Clause: Evasion items are banned\n|rule|Evasion Moves Clause: Evasion moves are banned\n|rule|Dynamax Clause: You cannot dynamax\n|raw|<div class=\"infobox\"><details class=\"readmore\" open><summary><strong>3 custom rules:</strong></summary> +Marshadow, +Kyurem, +Magearna</details></div>\n|clearpoke\n|poke|p1|Marshadow|\n|poke|p1|Kyurem|\n|poke|p1|Roselia, M|\n|poke|p1|Aegislash, F|\n|poke|p1|Sylveon, F|\n|poke|p1|Xatu, M|\n|poke|p2|Pelipper, F|\n|poke|p2|Barraskewda, M|\n|poke|p2|Toxapex, F|\n|poke|p2|Garchomp, M|\n|poke|p2|Tornadus-Therian, M|\n|poke|p2|Rotom-Heat|\n|teampreview\n|\n|t:|1791050047\n|teamsize|p1|6\n|teamsize|p2|6\n|start\n|switch|p1a: Frozone|Kyurem|100/100\n|switch|p2a: Wezeda|Pelipper, F|100/100\n|-ability|p1a: Frozone|Pressure\n|-weather|RainDance|[from] ability: Drizzle|[of] p2a: Wezeda\n|turn|1\n|\n|t:|1791050083\n|switch|p2a: Luka|Rotom-Heat, shiny|100/100\n|move|p1a: Frozone|Draco Meteor|p2a: Luka\n|-damage|p2a: Luka|0 fnt\n|-unboost|p1a: Frozone|spa|2\n|faint|p2a: Luka\n|\n|-weather|RainDance|[upkeep]\n|upkeep\n|\n|t:|1791050108\n|switch|p2a: Sashimatsu|Toxapex, F, shiny|100/100\n|turn|2\n|\n|t:|1791050150\n|switch|p1a: Tarik ahh|Roselia, M|100/100\n|move|p2a: Sashimatsu|Knock Off|p1a: Tarik ahh\n|-damage|p1a: Tarik ahh|88/100\n|-enditem|p1a: Tarik ahh|Eviolite|[from] move: Knock Off|[of] p2a: Sashimatsu\n|\n|-weather|RainDance|[upkeep]\n|upkeep\n|turn|3\n|\n|t:|1791050197\n|move|p1a: Tarik ahh|Spikes|p2a: Sashimatsu\n|-sidestart|p2: giosyl|Spikes\n|move|p2a: Sashimatsu|Scald|p1a: Tarik ahh\n|-resisted|p1a: Tarik ahh\n|-damage|p1a: Tarik ahh|72/100\n|\n|-weather|RainDance|[upkeep]\n|upkeep\n|turn|4\n|\n|t:|1791050207\n|switch|p2a: Zephyr|Tornadus-Therian, M, shiny|100/100\n|move|p1a: Tarik ahh|Sleep Powder|p2a: Zephyr\n|-status|p2a: Zephyr|slp|[from] move: Sleep Powder\n|\n|-weather|RainDance|[upkeep]\n|upkeep\n|turn|5\n|\n|t:|1791050218\n|switch|p1a: Frozone|Kyurem|100/100\n|-ability|p1a: Frozone|Pressure\n|cant|p2a: Zephyr|slp\n|\n|-weather|RainDance|[upkeep]\n|upkeep\n|turn|6\n|\n|t:|1791050232\n|switch|p2a: Sashimatsu|Toxapex, F, shiny|100/100\n|-damage|p2a: Sashimatsu|88/100|[from] Spikes\n|move|p1a: Frozone|Freeze-Dry|p2a: Sashimatsu\n|-supereffective|p2a: Sashimatsu\n|-damage|p2a: Sashimatsu|0 fnt\n|faint|p2a: Sashimatsu\n|\n|-weather|RainDance|[upkeep]\n|upkeep\n|\n|t:|1791050243\n|switch|p2a: Adeyemi|Barraskewda, M, shiny|100/100\n|-damage|p2a: Adeyemi|88/100|[from] Spikes\n|turn|7\n|\n|t:|1791050269\n|switch|p1a: Tarik ahh|Roselia, M|72/100\n|move|p2a: Adeyemi|Liquidation|p1a: Tarik ahh\n|-resisted|p1a: Tarik ahh\n|-damage|p1a: Tarik ahh|6/100\n|-unboost|p1a: Tarik ahh|def|1\n|\n|-weather|RainDance|[upkeep]\n|upkeep\n|turn|8\n|\n|t:|1791050279\n|move|p2a: Adeyemi|Liquidation|p1a: Tarik ahh\n|-resisted|p1a: Tarik ahh\n|-damage|p1a: Tarik ahh|0 fnt\n|faint|p1a: Tarik ahh\n|\n|-weather|none\n|upkeep\n|\n|t:|1791050311\n|switch|p1a: Frozone|Kyurem|100/100\n|-ability|p1a: Frozone|Pressure\n|turn|9\n|\n|t:|1791050331\n|switch|p2a: Wezeda|Pelipper, F|100/100\n|-weather|RainDance|[from] ability: Drizzle|[of] p2a: Wezeda\n|move|p1a: Frozone|Freeze-Dry|p2a: Wezeda\n|-supereffective|p2a: Wezeda\n|-damage|p2a: Wezeda|0 fnt\n|faint|p2a: Wezeda\n|\n|-weather|RainDance|[upkeep]\n|upkeep\n|\n|t:|1791050349\n|switch|p2a: Dark4|Garchomp, M|100/100\n|-damage|p2a: Dark4|88/100|[from] Spikes\n|turn|10\n|\n|t:|1791050368\n|switch|p1a: fingerim po mexiko|Sylveon, F|100/100\n|move|p2a: Dark4|Earthquake|p1a: fingerim po mexiko\n|-damage|p1a: fingerim po mexiko|64/100\n|\n|-weather|RainDance|[upkeep]\n|upkeep\n|turn|11\n|\n|t:|1791050382\n|move|p2a: Dark4|Toxic|p1a: fingerim po mexiko\n|-status|p1a: fingerim po mexiko|tox\n|move|p1a: fingerim po mexiko|Hyper Voice|p2a: Dark4\n|-supereffective|p2a: Dark4\n|-damage|p2a: Dark4|0 fnt\n|faint|p2a: Dark4\n|\n|-weather|RainDance|[upkeep]\n|-damage|p1a: fingerim po mexiko|58/100 tox|[from] psn\n|upkeep\n|\n|t:|1791050392\n|switch|p2a: Adeyemi|Barraskewda, M, shiny|88/100\n|-damage|p2a: Adeyemi|76/100|[from] Spikes\n|turn|12\n|\n|t:|1791050403\n|move|p1a: fingerim po mexiko|Protect|p1a: fingerim po mexiko\n|-singleturn|p1a: fingerim po mexiko|Protect\n|move|p2a: Adeyemi|Liquidation|p1a: fingerim po mexiko\n|-activate|p1a: fingerim po mexiko|move: Protect\n|\n|-weather|RainDance|[upkeep]\n|-damage|p1a: fingerim po mexiko|46/100 tox|[from] psn\n|upkeep\n|turn|13\n|\n|t:|1791050435\n|switch|p1a: Messi>Ronaldo|Aegislash, F|100/100\n|move|p2a: Adeyemi|Liquidation|p1a: Messi>Ronaldo\n|-damage|p1a: Messi>Ronaldo|17/100\n|\n|-weather|RainDance|[upkeep]\n|-heal|p1a: Messi>Ronaldo|23/100|[from] item: Leftovers\n|upkeep\n|turn|14\n|\n|t:|1791050451\n|move|p1a: Messi>Ronaldo|King's Shield|p1a: Messi>Ronaldo\n|-singleturn|p1a: Messi>Ronaldo|Protect\n|move|p2a: Adeyemi|Liquidation|p1a: Messi>Ronaldo\n|-activate|p1a: Messi>Ronaldo|move: Protect\n|-unboost|p2a: Adeyemi|atk|1\n|\n|-weather|RainDance|[upkeep]\n|-heal|p1a: Messi>Ronaldo|29/100|[from] item: Leftovers\n|upkeep\n|turn|15\n|\n|t:|1791050467\n|switch|p1a: Timgioh|Xatu, M|100/100\n|move|p2a: Adeyemi|Liquidation|p1a: Timgioh\n|-damage|p1a: Timgioh|32/100\n|\n|-weather|RainDance|[upkeep]\n|upkeep\n|turn|16\n|\n|t:|1791050483\n|switch|p2a: Zephyr|Tornadus-Therian, M, shiny|100/100 slp\n|move|p1a: Timgioh|Foul Play|p2a: Zephyr\n|-damage|p2a: Zephyr|75/100 slp\n|\n|-weather|none\n|upkeep\n|turn|17\n|\n|t:|1791050501\n|-curestatus|p2a: Zephyr|slp|[msg]\n|move|p2a: Zephyr|U-turn|p1a: Timgioh\n|-damage|p1a: Timgioh|18/100\n|\n|t:|1791050505\n|switch|p2a: Adeyemi|Barraskewda, M, shiny|76/100|[from] U-turn\n|-damage|p2a: Adeyemi|64/100|[from] Spikes\n|move|p1a: Timgioh|Teleport|p1a: Timgioh\n|\n|t:|1791050510\n|switch|p1a: Doppelg\u00e4nger|Marshadow|100/100|[from] Teleport\n|\n|upkeep\n|turn|18\n|\n|t:|1791050522\n|move|p1a: Doppelg\u00e4nger|Shadow Sneak|p2a: Adeyemi\n|-damage|p2a: Adeyemi|0 fnt\n|faint|p2a: Adeyemi\n|\n|upkeep\n|\n|t:|1791050525\n|switch|p2a: Zephyr|Tornadus-Therian, M, shiny|100/100\n|turn|19\n|\n|t:|1791050532\n|switch|p1a: Frozone|Kyurem|100/100\n|-ability|p1a: Frozone|Pressure\n|move|p2a: Zephyr|Hurricane|p1a: Frozone\n|-damage|p1a: Frozone|52/100\n|\n|upkeep\n|turn|20\n|\n|t:|1791050542\n|move|p2a: Zephyr|Hurricane|p1a: Frozone\n|-damage|p1a: Frozone|2/100\n|move|p1a: Frozone|Freeze-Dry|p2a: Zephyr\n|-supereffective|p2a: Zephyr\n|-crit|p2a: Zephyr\n|-damage|p2a: Zephyr|0 fnt\n|faint|p2a: Zephyr\n|\n|win|sylgio\n|l|\u2606giosyl\n|player|p2|\n", "uploadtime": 1791050557, "views": "24", "formatid": "gen8ou", "rating": null, "private": 0, "password": null}