{"id": "gen8ou-2691053310", "format": "[Gen 8] OU", "players": ["bloodswishass", "popcorn312"], "log": "|j|\u2606bloodswishass\n|j|\u2606popcorn312\n|inactive|Battle timer is ON: inactive players will automatically lose when time's up.\n|t:|1790865638\n|gametype|singles\n|player|p1|bloodswishass|169|\n|player|p2|popcorn312|ingo|\n|gen|8\n|tier|[Gen 8] OU\n|rated|Tournament battle\n|rule|HP Percentage Mod: HP is shown in percentages\n|rule|Endless Battle Clause: Forcing endless battles is banned\n|rule|Sleep Clause Mod: Limit one foe put to sleep\n|rule|Species Clause: Limit one of each Pok\u00e9mon\n|rule|OHKO Clause: OHKO moves are banned\n|rule|Evasion Items Clause: Evasion items are banned\n|rule|Evasion Moves Clause: Evasion moves are banned\n|raw|<div class=\"infobox\"><details class=\"readmore\" open><summary><strong>1 custom rule:</strong></summary> !Dynamax Clause</details></div>\n|clearpoke\n|poke|p1|Ninetales-Alola, M|\n|poke|p1|Heatran, M|\n|poke|p1|Landorus-Therian, M|\n|poke|p1|Tapu Fini|\n|poke|p1|Arctozolt|\n|poke|p1|Kartana|\n|poke|p2|Tornadus-Therian, M|\n|poke|p2|Toxapex, F|\n|poke|p2|Gastrodon-East, F|\n|poke|p2|Corviknight, M|\n|poke|p2|Clefable, F|\n|poke|p2|Blissey, F|\n|teampreview\n|j|*Lady Monita \n|\n|t:|1790865668\n|teamsize|p1|6\n|teamsize|p2|6\n|start\n|switch|p1a: Chaos|Heatran, M|100/100\n|switch|p2a: Clefable|Clefable, F|100/100\n|-item|p1a: Chaos|Air Balloon\n|turn|1\n|\n|t:|1790865696\n|move|p1a: Chaos|Eruption|p2a: Clefable\n|-damage|p2a: Clefable|27/100\n|move|p2a: Clefable|Moonblast|p1a: Chaos\n|-resisted|p1a: Chaos\n|-damage|p1a: Chaos|92/100\n|-enditem|p1a: Chaos|Air Balloon\n|\n|-heal|p2a: Clefable|33/100|[from] item: Leftovers\n|upkeep\n|turn|2\n|\n|t:|1790865708\n|move|p1a: Chaos|Stealth Rock|p2a: Clefable\n|-sidestart|p2: popcorn312|move: Stealth Rock\n|move|p2a: Clefable|Moonblast|p1a: Chaos\n|-resisted|p1a: Chaos\n|-damage|p1a: Chaos|84/100\n|-unboost|p1a: Chaos|spa|1\n|\n|-heal|p2a: Clefable|40/100|[from] item: Leftovers\n|upkeep\n|turn|3\n|\n|t:|1790865715\n|switch|p2a: Gastrodon|Gastrodon-East, F|100/100\n|move|p1a: Chaos|Eruption|p2a: Gastrodon\n|-resisted|p2a: Gastrodon\n|-crit|p2a: Gastrodon\n|-damage|p2a: Gastrodon|67/100\n|\n|upkeep\n|turn|4\n|\n|t:|1790865721\n|move|p1a: Chaos|Toxic|p2a: Gastrodon\n|-status|p2a: Gastrodon|tox\n|move|p2a: Gastrodon|Recover|p2a: Gastrodon\n|-heal|p2a: Gastrodon|100/100 tox\n|\n|-damage|p2a: Gastrodon|94/100 tox|[from] psn\n|upkeep\n|turn|5\n|\n|t:|1790865730\n|switch|p1a: Deathstroke|Kartana, shiny|100/100\n|move|p2a: Gastrodon|Earthquake|p1a: Deathstroke\n|-damage|p1a: Deathstroke|69/100\n|\n|-damage|p2a: Gastrodon|82/100 tox|[from] psn\n|upkeep\n|turn|6\n|\n|t:|1790865738\n|move|p1a: Deathstroke|Knock Off|p2a: Gastrodon\n|-damage|p2a: Gastrodon|36/100 tox\n|-activate|p2a: Gastrodon|ability: Sticky Hold\n|move|p2a: Gastrodon|Earthquake|p1a: Deathstroke\n|-damage|p1a: Deathstroke|39/100\n|\n|-damage|p2a: Gastrodon|18/100 tox|[from] psn\n|upkeep\n|turn|7\n|\n|t:|1790865750\n|switch|p2a: Clefable|Clefable, F|40/100\n|-damage|p2a: Clefable|27/100|[from] Stealth Rock\n|move|p1a: Deathstroke|Knock Off|p2a: Clefable\n|-resisted|p2a: Clefable\n|-damage|p2a: Clefable|11/100\n|-enditem|p2a: Clefable|Leftovers|[from] move: Knock Off|[of] p1a: Deathstroke\n|\n|upkeep\n|turn|8\n|\n|t:|1790865766\n|-start|p1a: Deathstroke|Dynamax|\n|-heal|p1a: Deathstroke|39/100|[silent]\n|move|p1a: Deathstroke|Max Overgrowth|p2a: Clefable\n|-crit|p2a: Clefable\n|-damage|p2a: Clefable|0 fnt\n|-fieldstart|move: Grassy Terrain\n|faint|p2a: Clefable\n|-ability|p1a: Deathstroke|Beast Boost|boost\n|-boost|p1a: Deathstroke|atk|1\n|\n|-heal|p1a: Deathstroke|42/100|[from] Grassy Terrain\n|upkeep\n|\n|t:|1790865776\n|switch|p2a: Tornadus|Tornadus-Therian, M|100/100\n|turn|9\n|\n|t:|1790865786\n|-start|p2a: Tornadus|Dynamax|\n|-heal|p2a: Tornadus|100/100|[silent]\n|move|p2a: Tornadus|Max Airstream|p1a: Deathstroke\n|-damage|p1a: Deathstroke|0 fnt\n|-boost|p2a: Tornadus|spe|1\n|faint|p1a: Deathstroke\n|\n|upkeep\n|\n|t:|1790865793\n|switch|p1a: Frozen Soul|Ninetales-Alola, M, shiny|100/100\n|-weather|Hail|[from] ability: Snow Warning|[of] p1a: Frozen Soul\n|turn|10\n|\n|t:|1790865800\n|move|p2a: Tornadus|Max Airstream|p1a: Frozen Soul\n|-damage|p1a: Frozen Soul|49/100\n|-boost|p2a: Tornadus|spe|1\n|move|p1a: Frozen Soul|Aurora Veil|p1a: Frozen Soul\n|-sidestart|p1: bloodswishass|move: Aurora Veil\n|\n|-weather|Hail|[upkeep]\n|-damage|p2a: Tornadus|97/100|[from] Hail\n|-heal|p1a: Frozen Soul|56/100|[from] Grassy Terrain\n|upkeep\n|turn|11\n|\n|t:|1790865808\n|switch|p1a: Raven|Tapu Fini, shiny|100/100\n|-fieldstart|move: Misty Terrain|[from] ability: Misty Surge|[of] p1a: Raven\n|move|p2a: Tornadus|Max Airstream|p1a: Raven\n|-damage|p1a: Raven|74/100\n|-boost|p2a: Tornadus|spe|1\n|\n|-weather|Hail|[upkeep]\n|-damage|p2a: Tornadus|94/100|[from] Hail\n|-damage|p1a: Raven|68/100|[from] Hail\n|-heal|p1a: Raven|74/100|[from] item: Leftovers\n|upkeep\n|-end|p2a: Tornadus|Dynamax\n|-heal|p2a: Tornadus|94/100|[silent]\n|turn|12\n|\n|t:|1790865821\n|move|p2a: Tornadus|Nasty Plot|p2a: Tornadus\n|-boost|p2a: Tornadus|spa|2\n|move|p1a: Raven|Calm Mind|p1a: Raven\n|-boost|p1a: Raven|spa|1\n|-boost|p1a: Raven|spd|1\n|\n|-weather|Hail|[upkeep]\n|-damage|p2a: Tornadus|88/100|[from] Hail\n|-damage|p1a: Raven|68/100|[from] Hail\n|-heal|p1a: Raven|74/100|[from] item: Leftovers\n|upkeep\n|turn|13\n|\n|t:|1790865827\n|move|p2a: Tornadus|Hurricane|p1a: Raven|[miss]\n|-miss|p2a: Tornadus|p1a: Raven\n|move|p1a: Raven|Surf|p2a: Tornadus\n|-damage|p2a: Tornadus|42/100\n|\n|-weather|Hail|[upkeep]\n|-damage|p2a: Tornadus|36/100|[from] Hail\n|-damage|p1a: Raven|68/100|[from] Hail\n|-heal|p1a: Raven|74/100|[from] item: Leftovers\n|upkeep\n|turn|14\n|\n|t:|1790865833\n|move|p2a: Tornadus|Hurricane|p1a: Raven\n|-damage|p1a: Raven|48/100\n|move|p1a: Raven|Surf|p2a: Tornadus\n|-damage|p2a: Tornadus|0 fnt\n|faint|p2a: Tornadus\n|\n|-weather|Hail|[upkeep]\n|-damage|p1a: Raven|42/100|[from] Hail\n|-heal|p1a: Raven|48/100|[from] item: Leftovers\n|-sideend|p1: bloodswishass|move: Aurora Veil\n|upkeep\n|\n|t:|1790865842\n|switch|p2a: Blissey|Blissey, F|100/100\n|turn|15\n|\n|t:|1790865846\n|move|p1a: Raven|Calm Mind|p1a: Raven\n|-boost|p1a: Raven|spa|1\n|-boost|p1a: Raven|spd|1\n|move|p2a: Blissey|Seismic Toss|p1a: Raven\n|-damage|p1a: Raven|16/100\n|\n|-weather|Hail|[upkeep]\n|-damage|p1a: Raven|10/100|[from] Hail\n|-damage|p2a: Blissey|94/100|[from] Hail\n|-heal|p1a: Raven|16/100|[from] item: Leftovers\n|-fieldend|Misty Terrain\n|upkeep\n|turn|16\n|j|+KachoFugetsu\n|\n|t:|1790865856\n|move|p1a: Raven|Draining Kiss|p2a: Blissey\n|-damage|p2a: Blissey|83/100\n|-heal|p1a: Raven|36/100|[from] drain|[of] p2a: Blissey\n|move|p2a: Blissey|Seismic Toss|p1a: Raven\n|-damage|p1a: Raven|4/100\n|\n|-weather|Hail|[upkeep]\n|-damage|p1a: Raven|0 fnt|[from] Hail\n|-damage|p2a: Blissey|77/100|[from] Hail\n|faint|p1a: Raven\n|upkeep\n|l|+KachoFugetsu\n|\n|t:|1790865863\n|switch|p1a: Destroyer|Arctozolt, shiny|100/100\n|turn|17\n|\n|t:|1790865871\n|switch|p2a: Toxapex|Toxapex, F|100/100\n|-damage|p2a: Toxapex|88/100|[from] Stealth Rock\n|move|p1a: Destroyer|Low Kick|p2a: Toxapex\n|-resisted|p2a: Toxapex\n|-damage|p2a: Toxapex|85/100\n|\n|-weather|none\n|upkeep\n|turn|18\n|\n|t:|1790865881\n|move|p1a: Destroyer|Freeze-Dry|p2a: Toxapex\n|-supereffective|p2a: Toxapex\n|-crit|p2a: Toxapex\n|-damage|p2a: Toxapex|34/100\n|move|p2a: Toxapex|Toxic|p1a: Destroyer\n|-status|p1a: Destroyer|tox\n|\n|-damage|p1a: Destroyer|94/100 tox|[from] psn\n|upkeep\n|turn|19\n|\n|t:|1790865890\n|switch|p2a: Blissey|Blissey, F|77/100\n|move|p1a: Destroyer|Bolt Beak|p2a: Blissey\n|-damage|p2a: Blissey|6/100\n|\n|-damage|p1a: Destroyer|82/100 tox|[from] psn\n|upkeep\n|turn|20\n|\n|t:|1790865897\n|move|p1a: Destroyer|Freeze-Dry|p2a: Blissey\n|-damage|p2a: Blissey|0 fnt\n|faint|p2a: Blissey\n|\n|-damage|p1a: Destroyer|63/100 tox|[from] psn\n|upkeep\n|\n|t:|1790865900\n|switch|p2a: Corviknight|Corviknight, M|100/100\n|-damage|p2a: Corviknight|88/100|[from] Stealth Rock\n|-ability|p2a: Corviknight|Pressure\n|turn|21\n|\n|t:|1790865906\n|switch|p1a: Chaos|Heatran, M|84/100\n|move|p2a: Corviknight|Iron Defense|p2a: Corviknight\n|-boost|p2a: Corviknight|def|2\n|\n|upkeep\n|turn|22\n|\n|t:|1790865910\n|move|p1a: Chaos|Eruption|p2a: Corviknight\n|-supereffective|p2a: Corviknight\n|-damage|p2a: Corviknight|0 fnt\n|faint|p2a: Corviknight\n|\n|upkeep\n|\n|t:|1790865914\n|switch|p2a: Toxapex|Toxapex, F|68/100\n|-damage|p2a: Toxapex|56/100|[from] Stealth Rock\n|turn|23\n|\n|t:|1790865918\n|switch|p2a: Gastrodon|Gastrodon-East, F|18/100 tox\n|move|p1a: Chaos|Earth Power|p2a: Gastrodon\n|-damage|p2a: Gastrodon|0 fnt\n|faint|p2a: Gastrodon\n|\n|upkeep\n|c|\u2606bloodswishass|gg\n|\n|t:|1790865924\n|switch|p2a: Toxapex|Toxapex, F|89/100\n|-damage|p2a: Toxapex|77/100|[from] Stealth Rock\n|turn|24\n|c|\u2606popcorn312|Gg\n|\n|t:|1790865931\n|move|p1a: Chaos|Earth Power|p2a: Toxapex\n|-supereffective|p2a: Toxapex\n|-damage|p2a: Toxapex|25/100\n|move|p2a: Toxapex|Light Screen|p2a: Toxapex\n|-sidestart|p2: popcorn312|move: Light Screen\n|\n|upkeep\n|turn|25\n|\n|t:|1790865936\n|move|p1a: Chaos|Earth Power|p2a: Toxapex\n|-supereffective|p2a: Toxapex\n|-damage|p2a: Toxapex|0 fnt\n|faint|p2a: Toxapex\n|\n|win|bloodswishass\n|n|\u2606bloodswishass|bloodswishass\n|n|\u2606popcorn312|popcorn312\n|n|*Lady Monita |ladymonita\n", "uploadtime": 1790865936, "views": "8", "formatid": "gen8ou", "rating": null, "private": 0, "password": null}