{"id": "gen8ou-2694674656", "format": "[Gen 8] OU", "players": ["abdiqate", "essqwsws"], "log": "|j|\u2606abdiqate\n|j|\u203dessqwsws\n|t:|1791414539\n|gametype|singles\n|player|p1|abdiqate|jasmine-masters|1165\n|player|p2|essqwsws|lyra|1000\n|gen|8\n|tier|[Gen 8] OU\n|rated|\n|rule|HP Percentage Mod: HP is shown in percentages\n|rule|Endless Battle Clause: Forcing endless battles is banned\n|rule|Sleep Clause Mod: Limit one foe put to sleep\n|rule|Species Clause: Limit one of each Pok\u00e9mon\n|rule|OHKO Clause: OHKO moves are banned\n|rule|Evasion Items Clause: Evasion items are banned\n|rule|Evasion Moves Clause: Evasion moves are banned\n|rule|Dynamax Clause: You cannot dynamax\n|clearpoke\n|poke|p1|Xatu, F|\n|poke|p1|Shedinja|\n|poke|p1|Corviknight, F|\n|poke|p1|Toxapex, M|\n|poke|p1|Chansey, F|\n|poke|p1|Clefable, M|\n|poke|p2|Gengar, F|\n|poke|p2|Tapu Fini|\n|poke|p2|Ferrothorn, F|\n|poke|p2|Rotom-Heat|\n|poke|p2|Landorus-Therian, M|\n|poke|p2|Scizor, M|\n|teampreview\n|inactive|Battle timer is ON: inactive players will automatically lose when time's up. (requested by essqwsws)\n|inactive|abdiqate also wants the timer to be on.\n|\n|t:|1791414551\n|teamsize|p1|6\n|teamsize|p2|6\n|start\n|switch|p1a: Shedinja|Shedinja|100/100\n|switch|p2a: Gengar|Gengar, F|100/100\n|turn|1\n|inactive|abdiqate has 120 seconds left.\n|\n|t:|1791414590\n|switch|p2a: Landorus|Landorus-Therian, M|100/100\n|-ability|p2a: Landorus|Intimidate|boost\n|-unboost|p1a: Shedinja|atk|1\n|switch|p1a: Chansey|Chansey, F|100/100\n|\n|upkeep\n|turn|2\n|inactive|abdiqate has 120 seconds left.\n|\n|t:|1791414598\n|move|p2a: Landorus|Knock Off|p1a: Chansey\n|-damage|p1a: Chansey|76/100\n|-enditem|p1a: Chansey|Eviolite|[from] move: Knock Off|[of] p2a: Landorus\n|move|p1a: Chansey|Toxic|p2a: Landorus\n|-status|p2a: Landorus|tox\n|\n|-damage|p2a: Landorus|95/100 tox|[from] psn\n|upkeep\n|turn|3\n|\n|t:|1791414606\n|switch|p2a: Ferrothorn|Ferrothorn, F|100/100\n|move|p1a: Chansey|Stealth Rock|p2a: Ferrothorn\n|-sidestart|p2: essqwsws|move: Stealth Rock\n|\n|upkeep\n|turn|4\n|\n|t:|1791414613\n|switch|p1a: Xatu|Xatu, F|100/100\n|move|p2a: Ferrothorn|Stealth Rock|p1a: Xatu\n|move|p1a: Xatu|Stealth Rock||[from] ability: Magic Bounce|[still]\n|-fail|p1a: Xatu\n|\n|upkeep\n|turn|5\n|\n|t:|1791414620\n|move|p1a: Xatu|Thunder Wave|p2a: Ferrothorn\n|-status|p2a: Ferrothorn|par\n|move|p2a: Ferrothorn|Gyro Ball|p1a: Xatu\n|-damage|p1a: Xatu|32/100\n|\n|-heal|p1a: Xatu|38/100|[from] item: Leftovers\n|upkeep\n|turn|6\n|\n|t:|1791414629\n|move|p1a: Xatu|Roost|p1a: Xatu\n|-heal|p1a: Xatu|88/100\n|-singleturn|p1a: Xatu|move: Roost\n|move|p2a: Ferrothorn|Gyro Ball|p1a: Xatu\n|-damage|p1a: Xatu|23/100\n|\n|-heal|p1a: Xatu|29/100|[from] item: Leftovers\n|upkeep\n|turn|7\n|\n|t:|1791414637\n|move|p1a: Xatu|Roost|p1a: Xatu\n|-heal|p1a: Xatu|79/100\n|-singleturn|p1a: Xatu|move: Roost\n|move|p2a: Ferrothorn|Gyro Ball|p1a: Xatu\n|-damage|p1a: Xatu|8/100\n|\n|-heal|p1a: Xatu|14/100|[from] item: Leftovers\n|upkeep\n|turn|8\n|\n|t:|1791414644\n|move|p1a: Xatu|Roost|p1a: Xatu\n|-heal|p1a: Xatu|64/100\n|-singleturn|p1a: Xatu|move: Roost\n|move|p2a: Ferrothorn|Gyro Ball|p1a: Xatu\n|-damage|p1a: Xatu|0 fnt\n|faint|p1a: Xatu\n|\n|upkeep\n|\n|t:|1791414651\n|switch|p1a: Clefable|Clefable, M|100/100\n|turn|9\n|\n|t:|1791414653\n|switch|p2a: Rotom|Rotom-Heat|100/100\n|-damage|p2a: Rotom|76/100|[from] Stealth Rock\n|move|p1a: Clefable|Flamethrower|p2a: Rotom\n|-resisted|p2a: Rotom\n|-damage|p2a: Rotom|63/100\n|\n|upkeep\n|turn|10\n|\n|t:|1791414661\n|switch|p1a: Shedinja|Shedinja|100/100\n|move|p2a: Rotom|Volt Switch|p1a: Shedinja\n|-immune|p1a: Shedinja|[from] ability: Wonder Guard\n|\n|upkeep\n|turn|11\n|\n|t:|1791414667\n|switch|p2a: Ferrothorn|Ferrothorn, F|100/100 par\n|-damage|p2a: Ferrothorn|95/100 par|[from] Stealth Rock\n|move|p1a: Shedinja|Poltergeist|p2a: Ferrothorn\n|-activate|p2a: Ferrothorn|move: Poltergeist|Rocky Helmet\n|-damage|p2a: Ferrothorn|66/100 par\n|\n|upkeep\n|turn|12\n|\n|t:|1791414677\n|move|p1a: Shedinja|Poltergeist|p2a: Ferrothorn\n|-activate|p2a: Ferrothorn|move: Poltergeist|Rocky Helmet\n|-crit|p2a: Ferrothorn\n|-damage|p2a: Ferrothorn|23/100 par\n|move|p2a: Ferrothorn|Stealth Rock|p1a: Shedinja\n|-sidestart|p1: abdiqate|move: Stealth Rock\n|\n|upkeep\n|turn|13\n|\n|t:|1791414687\n|switch|p2a: Scizor|Scizor, M|100/100\n|-damage|p2a: Scizor|88/100|[from] Stealth Rock\n|move|p1a: Shedinja|Poltergeist|p2a: Scizor\n|-activate|p2a: Scizor|move: Poltergeist|Life Orb\n|-damage|p2a: Scizor|38/100\n|\n|upkeep\n|turn|14\n|\n|t:|1791414695\n|switch|p2a: Landorus|Landorus-Therian, M|95/100 tox\n|-damage|p2a: Landorus|82/100 tox|[from] Stealth Rock\n|-ability|p2a: Landorus|Intimidate|boost\n|-unboost|p1a: Shedinja|atk|1\n|move|p1a: Shedinja|Poltergeist|p2a: Landorus\n|-activate|p2a: Landorus|move: Poltergeist|Choice Scarf\n|-damage|p2a: Landorus|41/100 tox\n|\n|-damage|p2a: Landorus|35/100 tox|[from] psn\n|upkeep\n|turn|15\n|\n|t:|1791414706\n|move|p2a: Landorus|Knock Off|p1a: Shedinja\n|-supereffective|p1a: Shedinja\n|-damage|p1a: Shedinja|0 fnt\n|-enditem|p1a: Shedinja|Safety Goggles|[from] move: Knock Off|[of] p2a: Landorus\n|faint|p1a: Shedinja\n|\n|-damage|p2a: Landorus|23/100 tox|[from] psn\n|upkeep\n|\n|t:|1791414710\n|switch|p1a: Chansey|Chansey, F|76/100\n|-damage|p1a: Chansey|64/100|[from] Stealth Rock\n|turn|16\n|\n|t:|1791414717\n|switch|p2a: Ferrothorn|Ferrothorn, F|23/100 par\n|-damage|p2a: Ferrothorn|17/100 par|[from] Stealth Rock\n|move|p1a: Chansey|Soft-Boiled|p1a: Chansey\n|-heal|p1a: Chansey|100/100\n|\n|upkeep\n|turn|17\n|inactive|abdiqate has 120 seconds left.\n|\n|t:|1791414767\n|move|p1a: Chansey|Seismic Toss|p2a: Ferrothorn\n|-damage|p2a: Ferrothorn|0 fnt\n|-damage|p1a: Chansey|88/100|[from] ability: Iron Barbs|[of] p2a: Ferrothorn\n|-damage|p1a: Chansey|71/100|[from] item: Rocky Helmet|[of] p2a: Ferrothorn\n|faint|p2a: Ferrothorn\n|\n|upkeep\n|\n|t:|1791414775\n|switch|p2a: Scizor|Scizor, M|38/100\n|-damage|p2a: Scizor|26/100|[from] Stealth Rock\n|turn|18\n|\n|t:|1791414780\n|switch|p1a: Toxapex|Toxapex, M|100/100\n|-damage|p1a: Toxapex|88/100|[from] Stealth Rock\n|move|p2a: Scizor|Defog|p1a: Toxapex\n|-unboost|p1a: Toxapex|evasion|1\n|-sideend|p1: abdiqate|Stealth Rock|[from] move: Defog|[of] p2a: Scizor\n|-sideend|p2: essqwsws|Stealth Rock|[from] move: Defog|[of] p2a: Scizor\n|\n|upkeep\n|turn|19\n|inactive|abdiqate has 120 seconds left.\n|inactive|abdiqate has 90 seconds left.\n|\n|t:|1791414836\n|move|p2a: Scizor|U-turn|p1a: Toxapex\n|-resisted|p1a: Toxapex\n|-damage|p1a: Toxapex|74/100\n|-damage|p2a: Scizor|10/100|[from] item: Rocky Helmet|[of] p1a: Toxapex\n|-damage|p2a: Scizor|0 fnt|[from] item: Life Orb\n|faint|p2a: Scizor\n|move|p1a: Toxapex|Scald|p2: Scizor|[notarget]\n|-fail|p1a: Toxapex\n|\n|upkeep\n|\n|t:|1791414844\n|switch|p2a: Rotom|Rotom-Heat|63/100\n|turn|20\n|\n|t:|1791414852\n|switch|p2a: Gengar|Gengar, F|100/100\n|switch|p1a: Chansey|Chansey, F|71/100\n|\n|upkeep\n|turn|21\n|\n|t:|1791414858\n|move|p2a: Gengar|Mean Look|p1a: Chansey\n|-activate|p1a: Chansey|trapped\n|move|p1a: Chansey|Soft-Boiled|p1a: Chansey\n|-heal|p1a: Chansey|100/100\n|\n|upkeep\n|turn|22\n|\n|t:|1791414865\n|move|p2a: Gengar|Encore|p1a: Chansey\n|-start|p1a: Chansey|Encore\n|move|p1a: Chansey|Soft-Boiled||[still]\n|-fail|p1a: Chansey|heal\n|\n|upkeep\n|turn|23\n|\n|t:|1791414869\n|move|p2a: Gengar|Power-Up Punch|p1a: Chansey\n|-supereffective|p1a: Chansey\n|-damage|p1a: Chansey|85/100\n|-boost|p2a: Gengar|atk|1\n|move|p1a: Chansey|Soft-Boiled|p1a: Chansey\n|-heal|p1a: Chansey|100/100\n|\n|upkeep\n|turn|24\n|\n|t:|1791414877\n|move|p2a: Gengar|Power-Up Punch|p1a: Chansey\n|-supereffective|p1a: Chansey\n|-damage|p1a: Chansey|74/100\n|-boost|p2a: Gengar|atk|1\n|move|p1a: Chansey|Soft-Boiled|p1a: Chansey\n|-heal|p1a: Chansey|100/100\n|\n|-end|p1a: Chansey|Encore\n|upkeep\n|turn|25\n|inactive|abdiqate has 120 seconds left.\n|\n|t:|1791414901\n|move|p2a: Gengar|Encore|p1a: Chansey\n|-start|p1a: Chansey|Encore\n|move|p1a: Chansey|Soft-Boiled||[still]\n|-fail|p1a: Chansey|heal\n|\n|upkeep\n|turn|26\n|\n|t:|1791414907\n|move|p2a: Gengar|Power-Up Punch|p1a: Chansey\n|-supereffective|p1a: Chansey\n|-damage|p1a: Chansey|63/100\n|-boost|p2a: Gengar|atk|1\n|move|p1a: Chansey|Soft-Boiled|p1a: Chansey\n|-heal|p1a: Chansey|100/100\n|\n|upkeep\n|turn|27\n|inactive|abdiqate has 120 seconds left.\n|\n|t:|1791414934\n|move|p2a: Gengar|Power-Up Punch|p1a: Chansey\n|-supereffective|p1a: Chansey\n|-damage|p1a: Chansey|57/100\n|-boost|p2a: Gengar|atk|1\n|move|p1a: Chansey|Soft-Boiled|p1a: Chansey\n|-heal|p1a: Chansey|100/100\n|\n|-end|p1a: Chansey|Encore\n|upkeep\n|turn|28\n|\n|t:|1791414943\n|move|p2a: Gengar|Encore|p1a: Chansey\n|-start|p1a: Chansey|Encore\n|move|p1a: Chansey|Soft-Boiled||[still]\n|-fail|p1a: Chansey|heal\n|\n|upkeep\n|turn|29\n|\n|t:|1791414947\n|move|p2a: Gengar|Power-Up Punch|p1a: Chansey\n|-supereffective|p1a: Chansey\n|-damage|p1a: Chansey|51/100\n|-boost|p2a: Gengar|atk|1\n|move|p1a: Chansey|Soft-Boiled|p1a: Chansey\n|-heal|p1a: Chansey|100/100\n|\n|upkeep\n|turn|30\n|inactive|abdiqate has 120 seconds left.\n|\n|t:|1791414972\n|move|p2a: Gengar|Power-Up Punch|p1a: Chansey\n|-supereffective|p1a: Chansey\n|-damage|p1a: Chansey|42/100\n|-boost|p2a: Gengar|atk|1\n|move|p1a: Chansey|Soft-Boiled|p1a: Chansey\n|-heal|p1a: Chansey|92/100\n|\n|-end|p1a: Chansey|Encore\n|upkeep\n|turn|31\n|\n|t:|1791414981\n|move|p2a: Gengar|Encore|p1a: Chansey\n|-start|p1a: Chansey|Encore\n|move|p1a: Chansey|Soft-Boiled|p1a: Chansey\n|-heal|p1a: Chansey|100/100\n|\n|upkeep\n|turn|32\n|inactive|abdiqate has 120 seconds left.\n|\n|t:|1791414995\n|move|p2a: Gengar|Power-Up Punch|p1a: Chansey\n|-supereffective|p1a: Chansey\n|-damage|p1a: Chansey|32/100\n|move|p1a: Chansey|Soft-Boiled|p1a: Chansey\n|-heal|p1a: Chansey|82/100\n|\n|upkeep\n|turn|33\n|\n|t:|1791415001\n|move|p2a: Gengar|Power-Up Punch|p1a: Chansey\n|-supereffective|p1a: Chansey\n|-damage|p1a: Chansey|10/100\n|move|p1a: Chansey|Soft-Boiled|p1a: Chansey\n|-heal|p1a: Chansey|60/100\n|\n|-end|p1a: Chansey|Encore\n|upkeep\n|turn|34\n|\n|t:|1791415018\n|move|p2a: Gengar|Power-Up Punch|p1a: Chansey\n|-supereffective|p1a: Chansey\n|-damage|p1a: Chansey|0 fnt\n|faint|p1a: Chansey\n|\n|upkeep\n|\n|t:|1791415020\n|switch|p1a: Corviknight|Corviknight, F|100/100\n|-ability|p1a: Corviknight|Pressure\n|turn|35\n|\n|t:|1791415026\n|move|p2a: Gengar|Poltergeist|p1a: Corviknight\n|-activate|p1a: Corviknight|move: Poltergeist|Leftovers\n|-damage|p1a: Corviknight|0 fnt\n|faint|p1a: Corviknight\n|\n|upkeep\n|inactive|abdiqate has 120 seconds left.\n|\n|t:|1791415053\n|switch|p1a: Toxapex|Toxapex, M|100/100\n|turn|36\n|\n|t:|1791415056\n|move|p2a: Gengar|Poltergeist|p1a: Toxapex\n|-activate|p1a: Toxapex|move: Poltergeist|Rocky Helmet\n|-damage|p1a: Toxapex|17/100\n|move|p1a: Toxapex|Knock Off|p2a: Gengar\n|-supereffective|p2a: Gengar\n|-damage|p2a: Gengar|51/100\n|-start|p1a: Toxapex|Disable|Knock Off|[from] ability: Cursed Body|[of] p2a: Gengar\n|-enditem|p2a: Gengar|Focus Sash|[from] move: Knock Off|[of] p1a: Toxapex\n|\n|upkeep\n|turn|37\n|\n|t:|1791415066\n|move|p2a: Gengar|Poltergeist|p1a: Toxapex\n|-activate|p1a: Toxapex|move: Poltergeist|Rocky Helmet\n|-damage|p1a: Toxapex|0 fnt\n|faint|p1a: Toxapex\n|\n|upkeep\n|inactive|abdiqate has 120 seconds left.\n|\n|t:|1791415097\n|switch|p1a: Clefable|Clefable, M|100/100\n|turn|38\n|\n|t:|1791415101\n|move|p2a: Gengar|Poltergeist|p1a: Clefable\n|-activate|p1a: Clefable|move: Poltergeist|Leftovers\n|-damage|p1a: Clefable|75/100\n|move|p1a: Clefable|Moonblast|p2a: Gengar\n|-resisted|p2a: Gengar\n|-damage|p2a: Gengar|24/100\n|\n|-heal|p1a: Clefable|81/100|[from] item: Leftovers\n|upkeep\n|turn|39\n|\n|t:|1791415111\n|move|p2a: Gengar|Encore|p1a: Clefable\n|-start|p1a: Clefable|Encore\n|move|p1a: Clefable|Moonblast|p2a: Gengar\n|-resisted|p2a: Gengar\n|-damage|p2a: Gengar|0 fnt\n|faint|p2a: Gengar\n|\n|-heal|p1a: Clefable|87/100|[from] item: Leftovers\n|upkeep\n|\n|t:|1791415120\n|switch|p2a: Tapu Fini|Tapu Fini|100/100\n|-fieldstart|move: Misty Terrain|[from] ability: Misty Surge|[of] p2a: Tapu Fini\n|turn|40\n|\n|t:|1791415125\n|move|p2a: Tapu Fini|Trick|p1a: Clefable\n|-activate|p2a: Tapu Fini|move: Trick|[of] p1a: Clefable\n|-item|p1a: Clefable|Choice Scarf|[from] move: Trick\n|-item|p2a: Tapu Fini|Leftovers|[from] move: Trick\n|move|p1a: Clefable|Moonblast|p2a: Tapu Fini\n|-damage|p2a: Tapu Fini|70/100\n|\n|-heal|p2a: Tapu Fini|76/100|[from] item: Leftovers\n|upkeep\n|turn|41\n|\n|t:|1791415132\n|move|p2a: Tapu Fini|Moonblast|p1a: Clefable\n|-damage|p1a: Clefable|50/100\n|move|p1a: Clefable|Moonblast|p2a: Tapu Fini\n|-damage|p2a: Tapu Fini|44/100\n|\n|-heal|p2a: Tapu Fini|50/100|[from] item: Leftovers\n|-end|p1a: Clefable|Encore\n|upkeep\n|turn|42\n|\n|t:|1791415140\n|move|p2a: Tapu Fini|Moonblast|p1a: Clefable\n|-damage|p1a: Clefable|12/100\n|move|p1a: Clefable|Moonblast|p2a: Tapu Fini\n|-damage|p2a: Tapu Fini|22/100\n|-unboost|p2a: Tapu Fini|spa|1\n|\n|-heal|p2a: Tapu Fini|28/100|[from] item: Leftovers\n|upkeep\n|turn|43\n|inactive|essqwsws no longer wants the timer on, but the timer is staying on because abdiqate still does.\n|\n|t:|1791415149\n|move|p2a: Tapu Fini|Moonblast|p1a: Clefable\n|-damage|p1a: Clefable|0 fnt\n|faint|p1a: Clefable\n|\n|win|essqwsws\n|raw|abdiqate's rating: 1165 &rarr; <strong>1129</strong><br />(-36 for losing)\n|raw|essqwsws's rating: 1000 &rarr; <strong>1058</strong><br />(+58 for winning)\n", "uploadtime": 1791415156, "views": "6", "formatid": "gen8ou", "rating": 1058, "private": 0, "password": null}