{"id": "gen8ou-2692384374", "format": "[Gen 8] OU", "players": ["eepdddllelelaaaaa", "tefari"], "log": "|j|\u2606eepdddllelelaaaaa\n|j|\u2606tefari\n|t:|1791066130\n|gametype|singles\n|player|p1|eepdddllelelaaaaa|lyra|1000\n|player|p2|tefari|cynthia|1055\n|gen|8\n|tier|[Gen 8] OU\n|rated|\n|rule|HP Percentage Mod: HP is shown in percentages\n|rule|Endless Battle Clause: Forcing endless battles is banned\n|rule|Sleep Clause Mod: Limit one foe put to sleep\n|rule|Species Clause: Limit one of each Pok\u00e9mon\n|rule|OHKO Clause: OHKO moves are banned\n|rule|Evasion Items Clause: Evasion items are banned\n|rule|Evasion Moves Clause: Evasion moves are banned\n|rule|Dynamax Clause: You cannot dynamax\n|clearpoke\n|poke|p1|Gengar, F|\n|poke|p1|Tapu Fini|\n|poke|p1|Ferrothorn, F|\n|poke|p1|Rotom-Heat|\n|poke|p1|Landorus-Therian, M|\n|poke|p1|Scizor, F|\n|poke|p2|Slowking-Galar, M|\n|poke|p2|Garchomp, F|\n|poke|p2|Melmetal|\n|poke|p2|Urshifu-*, F|\n|poke|p2|Weavile, F|\n|poke|p2|Scizor, M|\n|teampreview\n|inactive|Battle timer is ON: inactive players will automatically lose when time's up. (requested by eepdddllelelaaaaa)\n|inactive|eepdddllelelaaaaa has 120 seconds left.\n|\n|t:|1791066166\n|teamsize|p1|6\n|teamsize|p2|6\n|start\n|switch|p1a: Landorus|Landorus-Therian, M|100/100\n|switch|p2a: Scizor|Scizor, M, shiny|100/100\n|-ability|p1a: Landorus|Intimidate|boost\n|-unboost|p2a: Scizor|atk|1\n|turn|1\n|\n|t:|1791066181\n|move|p1a: Landorus|Earthquake|p2a: Scizor\n|-damage|p2a: Scizor|45/100\n|move|p2a: Scizor|Swords Dance|p2a: Scizor\n|-boost|p2a: Scizor|atk|2\n|\n|upkeep\n|turn|2\n|\n|t:|1791066194\n|switch|p1a: Ferrothorn|Ferrothorn, F|100/100\n|switch|p2a: Urshifu|Urshifu-Rapid-Strike, F|100/100\n|\n|upkeep\n|turn|3\n|\n|t:|1791066204\n|switch|p1a: Tapu Fini|Tapu Fini|100/100\n|-fieldstart|move: Misty Terrain|[from] ability: Misty Surge|[of] p1a: Tapu Fini\n|move|p2a: Urshifu|U-turn|p1a: Tapu Fini\n|-resisted|p1a: Tapu Fini\n|-damage|p1a: Tapu Fini|87/100\n|inactive|tefari has 120 seconds left.\n|\n|t:|1791066248\n|switch|p2a: Slowking|Slowking-Galar, M, shiny|100/100|[from] U-turn\n|\n|upkeep\n|turn|4\n|\n|t:|1791066257\n|move|p1a: Tapu Fini|Trick|p2a: Slowking\n|-activate|p1a: Tapu Fini|move: Trick|[of] p2a: Slowking\n|-item|p2a: Slowking|Choice Scarf|[from] move: Trick\n|-item|p1a: Tapu Fini|Assault Vest|[from] move: Trick\n|move|p2a: Slowking|Sludge Bomb|p1a: Tapu Fini\n|-supereffective|p1a: Tapu Fini\n|-damage|p1a: Tapu Fini|27/100\n|\n|upkeep\n|turn|5\n|inactive|tefari has 120 seconds left.\n|\n|t:|1791066281\n|switch|p1a: Scizor|Scizor, F|100/100\n|switch|p2a: Urshifu|Urshifu-Rapid-Strike, F|100/100\n|\n|upkeep\n|turn|6\n|\n|t:|1791066289\n|move|p2a: Urshifu|Surging Strikes|p1a: Scizor\n|-crit|p1a: Scizor\n|-damage|p1a: Scizor|81/100\n|-crit|p1a: Scizor\n|-damage|p1a: Scizor|63/100\n|-crit|p1a: Scizor\n|-damage|p1a: Scizor|42/100\n|-hitcount|p1a: Scizor|3\n|move|p1a: Scizor|U-turn|p2a: Urshifu\n|-resisted|p2a: Urshifu\n|-damage|p2a: Urshifu|74/100\n|-damage|p1a: Scizor|33/100|[from] item: Life Orb\n|\n|t:|1791066302\n|switch|p1a: Tapu Fini|Tapu Fini|27/100|[from] U-turn\n|\n|upkeep\n|turn|7\n|\n|t:|1791066307\n|switch|p1a: Ferrothorn|Ferrothorn, F|100/100\n|move|p2a: Urshifu|Surging Strikes|p1a: Ferrothorn\n|-resisted|p1a: Ferrothorn\n|-crit|p1a: Ferrothorn\n|-damage|p1a: Ferrothorn|95/100\n|-damage|p2a: Urshifu|61/100|[from] ability: Iron Barbs|[of] p1a: Ferrothorn\n|-damage|p2a: Urshifu|45/100|[from] item: Rocky Helmet|[of] p1a: Ferrothorn\n|-resisted|p1a: Ferrothorn\n|-crit|p1a: Ferrothorn\n|-damage|p1a: Ferrothorn|89/100\n|-damage|p2a: Urshifu|32/100|[from] ability: Iron Barbs|[of] p1a: Ferrothorn\n|-damage|p2a: Urshifu|16/100|[from] item: Rocky Helmet|[of] p1a: Ferrothorn\n|-resisted|p1a: Ferrothorn\n|-crit|p1a: Ferrothorn\n|-damage|p1a: Ferrothorn|84/100\n|-damage|p2a: Urshifu|4/100|[from] ability: Iron Barbs|[of] p1a: Ferrothorn\n|-damage|p2a: Urshifu|0 fnt|[from] item: Rocky Helmet|[of] p1a: Ferrothorn\n|faint|p2a: Urshifu\n|-hitcount|p1a: Ferrothorn|3\n|\n|-fieldend|Misty Terrain\n|upkeep\n|-message|tefari forfeited.\n|\n|win|eepdddllelelaaaaa\n|raw|eepdddllelelaaaaa's rating: 1000 &rarr; <strong>1046</strong><br />(+46 for winning)\n|raw|tefari's rating: 1055 &rarr; <strong>1034</strong><br />(-21 for losing)\n|l|\u2606tefari\n|player|p2|\n", "uploadtime": 1791066336, "views": "4", "formatid": "gen8ou", "rating": 1034, "private": 0, "password": null}