{"id": "gen8ou-2692756742", "format": "[Gen 8] OU", "players": ["coolguycool69", "mathismathin"], "log": "|badge|p2|bronze|gen9ou|100-11\n|uhtml|medal-msg|<div class=\"broadcast-blue\">Curious what those medals under the avatar are? PS now has Ladder Seasons! For more information, check out the <a href=\"https://www.smogon.com/forums/threads/3740067/\">thread on Smogon.</a></div>\n|j|\u2606coolguycool69\n|j|\u2606mathismathin\n|t:|1791135667\n|gametype|singles\n|player|p1|coolguycool69|1|1172\n|player|p2|mathismathin|bugsy-masters|1294\n|gen|8\n|tier|[Gen 8] OU\n|rated|\n|rule|HP Percentage Mod: HP is shown in percentages\n|rule|Endless Battle Clause: Forcing endless battles is banned\n|rule|Sleep Clause Mod: Limit one foe put to sleep\n|rule|Species Clause: Limit one of each Pok\u00e9mon\n|rule|OHKO Clause: OHKO moves are banned\n|rule|Evasion Items Clause: Evasion items are banned\n|rule|Evasion Moves Clause: Evasion moves are banned\n|rule|Dynamax Clause: You cannot dynamax\n|clearpoke\n|poke|p1|Zeraora|\n|poke|p1|Aegislash, F|\n|poke|p1|Landorus-Therian, M|\n|poke|p1|Kartana|\n|poke|p1|Azumarill, F|\n|poke|p1|Kommo-o, F|\n|poke|p2|Darmanitan, F|\n|poke|p2|Celesteela|\n|poke|p2|Diggersby, M|\n|poke|p2|Jirachi|\n|poke|p2|Rotom-Wash|\n|poke|p2|Tapu Fini|\n|teampreview\n|\n|t:|1791135752\n|teamsize|p1|6\n|teamsize|p2|6\n|start\n|switch|p1a: Landorus|Landorus-Therian, M|100/100\n|switch|p2a: Rotom|Rotom-Wash|100/100\n|-ability|p1a: Landorus|Intimidate|boost\n|-unboost|p2a: Rotom|atk|1\n|turn|1\n|\n|t:|1791135797\n|move|p1a: Landorus|Stealth Rock|p2a: Rotom\n|-sidestart|p2: mathismathin|move: Stealth Rock\n|move|p2a: Rotom|Hydro Pump|p1a: Landorus\n|-supereffective|p1a: Landorus\n|-damage|p1a: Landorus|0 fnt\n|faint|p1a: Landorus\n|\n|upkeep\n|\n|t:|1791135804\n|switch|p1a: Zeraora|Zeraora|100/100\n|turn|2\n|inactive|Battle timer is ON: inactive players will automatically lose when time's up. (requested by coolguycool69)\n|\n|t:|1791135828\n|move|p1a: Zeraora|Bulk Up|p1a: Zeraora\n|-boost|p1a: Zeraora|atk|1\n|-boost|p1a: Zeraora|def|1\n|move|p2a: Rotom|Will-O-Wisp|p1a: Zeraora\n|-status|p1a: Zeraora|brn\n|\n|-damage|p1a: Zeraora|95/100 brn|[from] brn\n|upkeep\n|turn|3\n|\n|t:|1791135834\n|move|p1a: Zeraora|Bulk Up|p1a: Zeraora\n|-boost|p1a: Zeraora|atk|1\n|-boost|p1a: Zeraora|def|1\n|move|p2a: Rotom|Hydro Pump|p1a: Zeraora|[miss]\n|-miss|p2a: Rotom|p1a: Zeraora\n|\n|-damage|p1a: Zeraora|89/100 brn|[from] brn\n|upkeep\n|turn|4\n|\n|t:|1791135852\n|move|p1a: Zeraora|Plasma Fists|p2a: Rotom\n|-damage|p2a: Rotom|60/100\n|-fieldactivate|move: Ion Deluge\n|-hint|Normal-type moves become Electric-type after using Plasma Fists.\n|move|p2a: Rotom|Hydro Pump|p1a: Zeraora\n|-damage|p1a: Zeraora|36/100 brn\n|\n|-heal|p2a: Rotom|66/100|[from] item: Leftovers\n|-damage|p1a: Zeraora|30/100 brn|[from] brn\n|upkeep\n|turn|5\n|\n|t:|1791135862\n|move|p1a: Zeraora|Close Combat|p2a: Rotom\n|-damage|p2a: Rotom|34/100\n|-unboost|p1a: Zeraora|def|1\n|-unboost|p1a: Zeraora|spd|1\n|move|p2a: Rotom|Hydro Pump|p1a: Zeraora\n|-damage|p1a: Zeraora|0 fnt\n|faint|p1a: Zeraora\n|\n|-heal|p2a: Rotom|40/100|[from] item: Leftovers\n|upkeep\n|\n|t:|1791135873\n|switch|p1a: Kartana|Kartana|100/100\n|turn|6\n|\n|t:|1791135880\n|switch|p2a: Celesteela|Celesteela|100/100\n|-damage|p2a: Celesteela|88/100|[from] Stealth Rock\n|move|p1a: Kartana|Knock Off|p2a: Celesteela\n|-damage|p2a: Celesteela|55/100\n|-enditem|p2a: Celesteela|Assault Vest|[from] move: Knock Off|[of] p1a: Kartana\n|\n|upkeep\n|turn|7\n|\n|t:|1791135891\n|switch|p1a: Azumarill|Azumarill, F|100/100\n|move|p2a: Celesteela|Flamethrower|p1a: Azumarill\n|-resisted|p1a: Azumarill\n|-damage|p1a: Azumarill|86/100\n|-status|p1a: Azumarill|brn\n|\n|-damage|p1a: Azumarill|80/100 brn|[from] brn\n|upkeep\n|turn|8\n|\n|t:|1791135897\n|move|p2a: Celesteela|Heavy Slam|p1a: Azumarill\n|-damage|p1a: Azumarill|39/100 brn\n|-enditem|p1a: Azumarill|Sitrus Berry|[eat]\n|-heal|p1a: Azumarill|64/100 brn|[from] item: Sitrus Berry\n|move|p1a: Azumarill|Belly Drum|p1a: Azumarill\n|-damage|p1a: Azumarill|14/100 brn\n|-setboost|p1a: Azumarill|atk|6|[from] move: Belly Drum\n|\n|-damage|p1a: Azumarill|8/100 brn|[from] brn\n|upkeep\n|turn|9\n|\n|t:|1791135904\n|move|p1a: Azumarill|Aqua Jet|p2a: Celesteela\n|-damage|p2a: Celesteela|14/100\n|move|p2a: Celesteela|Heavy Slam|p1a: Azumarill\n|-damage|p1a: Azumarill|0 fnt\n|faint|p1a: Azumarill\n|-ability|p2a: Celesteela|Beast Boost|boost\n|-boost|p2a: Celesteela|spa|1\n|\n|upkeep\n|\n|t:|1791135907\n|switch|p1a: Kartana|Kartana|100/100\n|turn|10\n|\n|t:|1791135921\n|move|p1a: Kartana|Knock Off|p2a: Celesteela\n|-damage|p2a: Celesteela|0 fnt\n|faint|p2a: Celesteela\n|-ability|p1a: Kartana|Beast Boost|boost\n|-boost|p1a: Kartana|atk|1\n|\n|upkeep\n|\n|t:|1791135928\n|switch|p2a: Tapu Fini|Tapu Fini|100/100\n|-damage|p2a: Tapu Fini|88/100|[from] Stealth Rock\n|-fieldstart|move: Misty Terrain|[from] ability: Misty Surge|[of] p2a: Tapu Fini\n|turn|11\n|\n|t:|1791135937\n|move|p1a: Kartana|Knock Off|p2a: Tapu Fini\n|-resisted|p2a: Tapu Fini\n|-damage|p2a: Tapu Fini|60/100\n|-enditem|p2a: Tapu Fini|Choice Specs|[from] move: Knock Off|[of] p1a: Kartana\n|move|p2a: Tapu Fini|Hydro Pump|p1a: Kartana\n|-resisted|p1a: Kartana\n|-damage|p1a: Kartana|20/100\n|\n|upkeep\n|turn|12\n|\n|t:|1791135945\n|move|p1a: Kartana|Knock Off|p2a: Tapu Fini\n|-resisted|p2a: Tapu Fini\n|-damage|p2a: Tapu Fini|40/100\n|move|p2a: Tapu Fini|Hydro Pump|p1a: Kartana|[miss]\n|-miss|p2a: Tapu Fini|p1a: Kartana\n|\n|upkeep\n|turn|13\n|\n|t:|1791135951\n|move|p1a: Kartana|Knock Off|p2a: Tapu Fini\n|-resisted|p2a: Tapu Fini\n|-damage|p2a: Tapu Fini|22/100\n|move|p2a: Tapu Fini|Scald|p1a: Kartana\n|-resisted|p1a: Kartana\n|-damage|p1a: Kartana|0 fnt\n|faint|p1a: Kartana\n|\n|upkeep\n|\n|t:|1791135958\n|switch|p1a: Aegislash|Aegislash, F|100/100\n|turn|14\n|\n|t:|1791135961\n|move|p2a: Tapu Fini|Trick|p1a: Aegislash\n|-activate|p2a: Tapu Fini|move: Trick|[of] p1a: Aegislash\n|-enditem|p1a: Aegislash|Weakness Policy|[silent]|[from] move: Trick\n|-item|p2a: Tapu Fini|Weakness Policy|[from] move: Trick\n|move|p1a: Aegislash|Swords Dance|p1a: Aegislash\n|-boost|p1a: Aegislash|atk|2\n|\n|upkeep\n|turn|15\n|\n|t:|1791135972\n|-formechange|p1a: Aegislash|Aegislash-Blade||[from] ability: Stance Change\n|move|p1a: Aegislash|Shadow Sneak|p2a: Tapu Fini\n|-damage|p2a: Tapu Fini|0 fnt\n|faint|p2a: Tapu Fini\n|\n|-fieldend|Misty Terrain\n|upkeep\n|\n|t:|1791135979\n|switch|p2a: Darmanitan|Darmanitan, F|100/100\n|-damage|p2a: Darmanitan|76/100|[from] Stealth Rock\n|turn|16\n|\n|t:|1791135986\n|move|p1a: Aegislash|Shadow Sneak|p2a: Darmanitan\n|-damage|p2a: Darmanitan|13/100\n|move|p2a: Darmanitan|Flare Blitz|p1a: Aegislash\n|-supereffective|p1a: Aegislash\n|-damage|p1a: Aegislash|0 fnt\n|faint|p1a: Aegislash\n|-damage|p2a: Darmanitan|0 fnt|[from] Recoil\n|faint|p2a: Darmanitan\n|\n|upkeep\n|\n|t:|1791135990\n|switch|p2a: Jirachi|Jirachi|100/100\n|switch|p1a: Kommo-o|Kommo-o, F|100/100\n|-damage|p2a: Jirachi|94/100|[from] Stealth Rock\n|turn|17\n|\n|t:|1791135996\n|move|p2a: Jirachi|Psychic|p1a: Kommo-o\n|-supereffective|p1a: Kommo-o\n|-crit|p1a: Kommo-o\n|-damage|p1a: Kommo-o|0 fnt\n|faint|p1a: Kommo-o\n|\n|win|mathismathin\n|raw|coolguycool69's rating: 1172 &rarr; <strong>1155</strong><br />(-17 for losing)\n|raw|mathismathin's rating: 1294 &rarr; <strong>1311</strong><br />(+17 for winning)\n|l|\u2606coolguycool69\n|player|p1|\n", "uploadtime": 1791135998, "views": "3", "formatid": "gen8ou", "rating": 1155, "private": 0, "password": null}