{"id": "gen8ou-2688240107", "format": "[Gen 8] OU", "players": ["ghostlyplanets", "xzeroxman"], "log": "|j|\u2606ghostlyplanets\n|j|\u2606xzeroxman\n|t:|1790438638\n|gametype|singles\n|player|p1|ghostlyplanets|#ghostlyplanets|\n|player|p2|xzeroxman|cynthia|\n|gen|8\n|tier|[Gen 8] OU\n|rule|HP Percentage Mod: HP is shown in percentages\n|rule|Endless Battle Clause: Forcing endless battles is banned\n|rule|Sleep Clause Mod: Limit one foe put to sleep\n|rule|Species Clause: Limit one of each Pok\u00e9mon\n|rule|OHKO Clause: OHKO moves are banned\n|rule|Evasion Items Clause: Evasion items are banned\n|rule|Evasion Moves Clause: Evasion moves are banned\n|rule|Dynamax Clause: You cannot dynamax\n|clearpoke\n|poke|p1|Moltres-Galar|\n|poke|p1|Landorus-Therian, M|\n|poke|p1|Ferrothorn, M|\n|poke|p1|Tapu Koko|\n|poke|p1|Urshifu-*, M|\n|poke|p1|Slowking-Galar, M|\n|poke|p2|Latios, M|\n|poke|p2|Urshifu-*, F|\n|poke|p2|Ferrothorn, F|\n|poke|p2|Zapdos|\n|poke|p2|Hatterene, F|\n|poke|p2|Landorus-Therian, M|\n|teampreview\n|inactive|Battle timer is ON: inactive players will automatically lose when time's up. (requested by ghostlyplanets)\n|c|\u2606xzeroxman|glhf\n|inactive|xzeroxman has 270 seconds left.\n|inactive|xzeroxman has 240 seconds left.\n|inactive|xzeroxman has 210 seconds left.\n|inactive|xzeroxman has 180 seconds left.\n|inactive|xzeroxman has 150 seconds left.\n|\n|t:|1790438793\n|teamsize|p1|6\n|teamsize|p2|6\n|start\n|switch|p1a: Tapu Koko|Tapu Koko|100/100\n|switch|p2a: Zapdos|Zapdos|100/100\n|-fieldstart|move: Electric Terrain|[from] ability: Electric Surge|[of] p1a: Tapu Koko\n|turn|1\n|inactive|xzeroxman has 210 seconds left.\n|c|\u2606ghostlyplanets|u2\n|\n|t:|1790438819\n|switch|p2a: Landorus|Landorus-Therian, M|100/100\n|-ability|p2a: Landorus|Intimidate|boost\n|-unboost|p1a: Tapu Koko|atk|1\n|move|p1a: Tapu Koko|Volt Switch|p2a: Landorus\n|-immune|p2a: Landorus\n|\n|upkeep\n|turn|2\n|inactive|xzeroxman has 210 seconds left.\n|inactive|ghostlyplanets has 270 seconds left.\n|\n|t:|1790438863\n|switch|p1a: Ferrothorn|Ferrothorn, M|100/100\n|move|p2a: Landorus|U-turn|p1a: Ferrothorn\n|-damage|p1a: Ferrothorn|88/100\n|-damage|p2a: Landorus|88/100|[from] ability: Iron Barbs|[of] p1a: Ferrothorn\n|inactive|xzeroxman has 180 seconds left.\n|\n|t:|1790438891\n|switch|p2a: Urshifu|Urshifu-Rapid-Strike, F|100/100|[from] U-turn\n|\n|-heal|p1a: Ferrothorn|94/100|[from] item: Leftovers\n|upkeep\n|turn|3\n|inactive|xzeroxman has 180 seconds left.\n|inactive|xzeroxman has 150 seconds left.\n|\n|t:|1790438931\n|move|p2a: Urshifu|Close Combat|p1a: Ferrothorn\n|-supereffective|p1a: Ferrothorn\n|-damage|p1a: Ferrothorn|0 fnt\n|-unboost|p2a: Urshifu|def|1\n|-unboost|p2a: Urshifu|spd|1\n|-damage|p2a: Urshifu|88/100|[from] ability: Iron Barbs|[of] p1a: Ferrothorn\n|faint|p1a: Ferrothorn\n|\n|upkeep\n|\n|t:|1790438939\n|switch|p1a: Tapu Koko|Tapu Koko|100/100\n|turn|4\n|\n|t:|1790438945\n|switch|p2a: Landorus|Landorus-Therian, M|88/100\n|-ability|p2a: Landorus|Intimidate|boost\n|-unboost|p1a: Tapu Koko|atk|1\n|move|p1a: Tapu Koko|Dazzling Gleam|p2a: Landorus\n|-damage|p2a: Landorus|61/100\n|\n|-heal|p2a: Landorus|67/100|[from] item: Leftovers\n|upkeep\n|turn|5\n|inactive|xzeroxman has 150 seconds left.\n|\n|t:|1790438966\n|switch|p1a: Landorus|Landorus-Therian, M|100/100\n|-ability|p1a: Landorus|Intimidate|boost\n|-unboost|p2a: Landorus|atk|1\n|move|p2a: Landorus|Earthquake|p1a: Landorus\n|-immune|p1a: Landorus\n|\n|-heal|p2a: Landorus|73/100|[from] item: Leftovers\n|-fieldend|move: Electric Terrain\n|upkeep\n|turn|6\n|inactive|xzeroxman has 150 seconds left.\n|\n|t:|1790438987\n|move|p2a: Landorus|U-turn|p1a: Landorus\n|-resisted|p1a: Landorus\n|-damage|p1a: Landorus|94/100\n|inactive|xzeroxman has 120 seconds left.\n|\n|t:|1790439021\n|switch|p2a: Ferrothorn|Ferrothorn, F|100/100|[from] U-turn\n|move|p1a: Landorus|Stealth Rock|p2a: Ferrothorn\n|-sidestart|p2: xzeroxman|move: Stealth Rock\n|\n|-heal|p1a: Landorus|99/100|[from] item: Leftovers\n|upkeep\n|turn|7\n|inactive|ghostlyplanets has 270 seconds left.\n|inactive|xzeroxman has 120 seconds left.\n|\n|t:|1790439042\n|switch|p1a: Slowking|Slowking-Galar, M|100/100\n|move|p2a: Ferrothorn|Leech Seed|p1a: Slowking|[miss]\n|-miss|p2a: Ferrothorn|p1a: Slowking\n|\n|upkeep\n|turn|8\n|\n|t:|1790439061\n|switch|p2a: Landorus|Landorus-Therian, M|73/100\n|-damage|p2a: Landorus|60/100|[from] Stealth Rock\n|-ability|p2a: Landorus|Intimidate|boost\n|-unboost|p1a: Slowking|atk|1\n|move|p1a: Slowking|Future Sight|p2a: Landorus\n|-start|p1a: Slowking|move: Future Sight\n|\n|-heal|p2a: Landorus|66/100|[from] item: Leftovers\n|upkeep\n|turn|9\n|\n|t:|1790439069\n|switch|p1a: Moltres|Moltres-Galar|100/100\n|move|p2a: Landorus|Defog|p1a: Moltres\n|-unboost|p1a: Moltres|evasion|1\n|-sideend|p2: xzeroxman|Stealth Rock|[from] move: Defog|[of] p2a: Landorus\n|\n|-heal|p2a: Landorus|72/100|[from] item: Leftovers\n|upkeep\n|turn|10\n|\n|t:|1790439090\n|move|p1a: Moltres|Nasty Plot|p1a: Moltres\n|-boost|p1a: Moltres|spa|2\n|move|p2a: Landorus|U-turn|p1a: Moltres\n|-damage|p1a: Moltres|76/100\n|inactive|xzeroxman has 90 seconds left.\n|\n|t:|1790439102\n|switch|p2a: Zapdos|Zapdos|100/100|[from] U-turn\n|\n|-end|p2a: Zapdos|move: Future Sight\n|-damage|p2a: Zapdos|30/100\n|upkeep\n|turn|11\n|inactive|xzeroxman has 90 seconds left.\n|\n|t:|1790439135\n|move|p2a: Zapdos|Hurricane|p1a: Moltres\n|-damage|p1a: Moltres|6/100\n|-ability|p1a: Moltres|Berserk|boost\n|-boost|p1a: Moltres|spa|1\n|move|p1a: Moltres|Agility|p1a: Moltres\n|-boost|p1a: Moltres|spe|2\n|\n|upkeep\n|turn|12\n|inactive|xzeroxman has 60 seconds left.\n|\n|t:|1790439155\n|move|p1a: Moltres|Fiery Wrath|p2a: Zapdos\n|-damage|p2a: Zapdos|0 fnt\n|faint|p2a: Zapdos\n|\n|upkeep\n|inactive|xzeroxman has 60 seconds left.\n|\n|t:|1790439166\n|switch|p2a: Urshifu|Urshifu-Rapid-Strike, F|88/100\n|turn|13\n|inactive|xzeroxman has 60 seconds left.\n|\n|t:|1790439172\n|move|p2a: Urshifu|Aqua Jet|p1a: Moltres\n|-damage|p1a: Moltres|0 fnt\n|faint|p1a: Moltres\n|\n|upkeep\n|\n|t:|1790439177\n|switch|p1a: Tapu Koko|Tapu Koko|100/100\n|-fieldstart|move: Electric Terrain|[from] ability: Electric Surge|[of] p1a: Tapu Koko\n|turn|14\n|\n|t:|1790439183\n|switch|p2a: Landorus|Landorus-Therian, M|72/100\n|-ability|p2a: Landorus|Intimidate|boost\n|-unboost|p1a: Tapu Koko|atk|1\n|move|p1a: Tapu Koko|Nature's Madness|p2a: Landorus\n|-damage|p2a: Landorus|37/100\n|\n|-heal|p2a: Landorus|43/100|[from] item: Leftovers\n|upkeep\n|turn|15\n|inactive|xzeroxman has 60 seconds left.\n|\n|t:|1790439208\n|move|p1a: Tapu Koko|Dazzling Gleam|p2a: Landorus\n|-damage|p2a: Landorus|18/100\n|move|p2a: Landorus|Toxic|p1a: Tapu Koko\n|-status|p1a: Tapu Koko|tox\n|\n|-heal|p2a: Landorus|24/100|[from] item: Leftovers\n|-damage|p1a: Tapu Koko|95/100 tox|[from] psn\n|upkeep\n|turn|16\n|inactive|xzeroxman has 60 seconds left.\n|\n|t:|1790439230\n|switch|p2a: Ferrothorn|Ferrothorn, F|100/100\n|move|p1a: Tapu Koko|Dazzling Gleam|p2a: Ferrothorn\n|-resisted|p2a: Ferrothorn\n|-damage|p2a: Ferrothorn|85/100\n|\n|-heal|p2a: Ferrothorn|91/100|[from] item: Leftovers\n|-damage|p1a: Tapu Koko|83/100 tox|[from] psn\n|upkeep\n|turn|17\n|\n|t:|1790439249\n|switch|p1a: Landorus|Landorus-Therian, M|99/100\n|-ability|p1a: Landorus|Intimidate|boost\n|-unboost|p2a: Ferrothorn|atk|1\n|move|p2a: Ferrothorn|Knock Off|p1a: Landorus\n|-damage|p1a: Landorus|87/100\n|-enditem|p1a: Landorus|Leftovers|[from] move: Knock Off|[of] p2a: Ferrothorn\n|\n|-heal|p2a: Ferrothorn|98/100|[from] item: Leftovers\n|upkeep\n|turn|18\n|j| zombieeyez\n|l| zombieeyez\n|\n|t:|1790439267\n|switch|p2a: Urshifu|Urshifu-Rapid-Strike, F|88/100\n|move|p1a: Landorus|Stealth Rock|p2a: Urshifu\n|-sidestart|p2: xzeroxman|move: Stealth Rock\n|\n|-fieldend|move: Electric Terrain\n|upkeep\n|turn|19\n|\n|t:|1790439273\n|switch|p1a: Urshifu|Urshifu-Rapid-Strike, M|100/100\n|move|p2a: Urshifu|Surging Strikes|p1a: Urshifu\n|-resisted|p1a: Urshifu\n|-crit|p1a: Urshifu\n|-damage|p1a: Urshifu|85/100\n|-resisted|p1a: Urshifu\n|-crit|p1a: Urshifu\n|-damage|p1a: Urshifu|69/100\n|-resisted|p1a: Urshifu\n|-crit|p1a: Urshifu\n|-damage|p1a: Urshifu|54/100\n|-hitcount|p1a: Urshifu|3\n|\n|upkeep\n|turn|20\n|inactive|xzeroxman has 60 seconds left.\n|\n|t:|1790439285\n|move|p2a: Urshifu|Surging Strikes|p1a: Urshifu\n|-resisted|p1a: Urshifu\n|-crit|p1a: Urshifu\n|-damage|p1a: Urshifu|41/100\n|-resisted|p1a: Urshifu\n|-crit|p1a: Urshifu\n|-damage|p1a: Urshifu|26/100\n|-resisted|p1a: Urshifu\n|-crit|p1a: Urshifu\n|-damage|p1a: Urshifu|12/100\n|-hitcount|p1a: Urshifu|3\n|move|p1a: Urshifu|Surging Strikes|p2a: Urshifu\n|-resisted|p2a: Urshifu\n|-crit|p2a: Urshifu\n|-damage|p2a: Urshifu|74/100\n|-resisted|p2a: Urshifu\n|-crit|p2a: Urshifu\n|-damage|p2a: Urshifu|60/100\n|-resisted|p2a: Urshifu\n|-crit|p2a: Urshifu\n|-damage|p2a: Urshifu|46/100\n|-hitcount|p2a: Urshifu|3\n|\n|upkeep\n|turn|21\n|\n|t:|1790439294\n|move|p1a: Urshifu|Surging Strikes|p2a: Urshifu\n|-resisted|p2a: Urshifu\n|-crit|p2a: Urshifu\n|-damage|p2a: Urshifu|30/100\n|-resisted|p2a: Urshifu\n|-crit|p2a: Urshifu\n|-damage|p2a: Urshifu|16/100\n|-resisted|p2a: Urshifu\n|-crit|p2a: Urshifu\n|-damage|p2a: Urshifu|2/100\n|-hitcount|p2a: Urshifu|3\n|move|p2a: Urshifu|Surging Strikes|p1a: Urshifu\n|-resisted|p1a: Urshifu\n|-crit|p1a: Urshifu\n|-damage|p1a: Urshifu|0 fnt\n|faint|p1a: Urshifu\n|-hitcount|p1: Urshifu|1\n|\n|upkeep\n|\n|t:|1790439300\n|switch|p1a: Tapu Koko|Tapu Koko|83/100 tox\n|-fieldstart|move: Electric Terrain|[from] ability: Electric Surge|[of] p1a: Tapu Koko\n|turn|22\n|inactive|xzeroxman has 60 seconds left.\n|\n|t:|1790439326\n|switch|p2a: Ferrothorn|Ferrothorn, F|98/100\n|-damage|p2a: Ferrothorn|91/100|[from] Stealth Rock\n|move|p1a: Tapu Koko|Volt Switch|p2a: Ferrothorn\n|-resisted|p2a: Ferrothorn\n|-damage|p2a: Ferrothorn|76/100\n|\n|t:|1790439338\n|switch|p1a: Slowking|Slowking-Galar, M|100/100|[from] Volt Switch\n|\n|-heal|p2a: Ferrothorn|82/100|[from] item: Leftovers\n|upkeep\n|turn|23\n|inactive|xzeroxman has 60 seconds left.\n|\n|t:|1790439362\n|switch|p2a: Urshifu|Urshifu-Rapid-Strike, F|2/100\n|-damage|p2a: Urshifu|0 fnt|[from] Stealth Rock\n|faint|p2a: Urshifu\n|move|p1a: Slowking|Flamethrower|p2: Urshifu|[notarget]\n|-fail|p1a: Slowking\n|\n|upkeep\n|\n|t:|1790439369\n|switch|p2a: Landorus|Landorus-Therian, M|24/100\n|-damage|p2a: Landorus|12/100|[from] Stealth Rock\n|-ability|p2a: Landorus|Intimidate|boost\n|-unboost|p1a: Slowking|atk|1\n|turn|24\n|\n|t:|1790439392\n|switch|p1a: Landorus|Landorus-Therian, M|87/100\n|-ability|p1a: Landorus|Intimidate|boost\n|-unboost|p2a: Landorus|atk|1\n|move|p2a: Landorus|Earthquake|p1a: Landorus\n|-immune|p1a: Landorus\n|\n|-heal|p2a: Landorus|18/100|[from] item: Leftovers\n|upkeep\n|turn|25\n|inactive|xzeroxman has 30 seconds left.\n|\n|t:|1790439414\n|move|p2a: Landorus|Defog|p1a: Landorus\n|-unboost|p1a: Landorus|evasion|1\n|-sideend|p2: xzeroxman|Stealth Rock|[from] move: Defog|[of] p2a: Landorus\n|-fieldend|move: Electric Terrain\n|move|p1a: Landorus|Toxic|p2a: Landorus\n|-status|p2a: Landorus|tox\n|\n|-heal|p2a: Landorus|24/100 tox|[from] item: Leftovers\n|-damage|p2a: Landorus|18/100 tox|[from] psn\n|upkeep\n|turn|26\n|\n|t:|1790439421\n|move|p2a: Landorus|Toxic|p1a: Landorus\n|-status|p1a: Landorus|tox\n|move|p1a: Landorus|Stealth Rock|p2a: Landorus\n|-sidestart|p2: xzeroxman|move: Stealth Rock\n|\n|-heal|p2a: Landorus|24/100 tox|[from] item: Leftovers\n|-damage|p2a: Landorus|12/100 tox|[from] psn\n|-damage|p1a: Landorus|81/100 tox|[from] psn\n|upkeep\n|turn|27\n|\n|t:|1790439427\n|move|p2a: Landorus|Defog|p1a: Landorus\n|-unboost|p1a: Landorus|evasion|1\n|-sideend|p2: xzeroxman|Stealth Rock|[from] move: Defog|[of] p2a: Landorus\n|move|p1a: Landorus|U-turn|p2a: Landorus\n|-resisted|p2a: Landorus\n|-damage|p2a: Landorus|2/100 tox\n|\n|t:|1790439434\n|switch|p1a: Tapu Koko|Tapu Koko|83/100 tox|[from] U-turn\n|-fieldstart|move: Electric Terrain|[from] ability: Electric Surge|[of] p1a: Tapu Koko\n|\n|-heal|p2a: Landorus|8/100 tox|[from] item: Leftovers\n|-damage|p1a: Tapu Koko|77/100 tox|[from] psn\n|-damage|p2a: Landorus|0 fnt|[from] psn\n|faint|p2a: Landorus\n|upkeep\n|\n|t:|1790439440\n|switch|p2a: Ferrothorn|Ferrothorn, F|82/100\n|turn|28\n|\n|t:|1790439449\n|move|p1a: Tapu Koko|Nature's Madness|p2a: Ferrothorn\n|-damage|p2a: Ferrothorn|41/100\n|move|p2a: Ferrothorn|Leech Seed|p1a: Tapu Koko\n|-start|p1a: Tapu Koko|move: Leech Seed\n|\n|-heal|p2a: Ferrothorn|48/100|[from] item: Leftovers\n|-damage|p1a: Tapu Koko|64/100 tox|[from] Leech Seed|[of] p2a: Ferrothorn\n|-heal|p2a: Ferrothorn|58/100|[silent]\n|-damage|p1a: Tapu Koko|52/100 tox|[from] psn\n|upkeep\n|turn|29\n|\n|t:|1790439470\n|move|p1a: Tapu Koko|Volt Switch|p2a: Ferrothorn\n|-resisted|p2a: Ferrothorn\n|-damage|p2a: Ferrothorn|41/100\n|\n|t:|1790439474\n|switch|p1a: Landorus|Landorus-Therian, M|81/100 tox|[from] Volt Switch\n|-ability|p1a: Landorus|Intimidate|boost\n|-unboost|p2a: Ferrothorn|atk|1\n|move|p2a: Ferrothorn|Leech Seed|p1a: Landorus\n|-start|p1a: Landorus|move: Leech Seed\n|\n|-heal|p2a: Ferrothorn|47/100|[from] item: Leftovers\n|-damage|p1a: Landorus|68/100 tox|[from] Leech Seed|[of] p2a: Ferrothorn\n|-heal|p2a: Ferrothorn|61/100|[silent]\n|-damage|p1a: Landorus|62/100 tox|[from] psn\n|upkeep\n|turn|30\n|\n|t:|1790439484\n|move|p1a: Landorus|U-turn|p2a: Ferrothorn\n|-damage|p2a: Ferrothorn|47/100\n|-damage|p1a: Landorus|50/100 tox|[from] ability: Iron Barbs|[of] p2a: Ferrothorn\n|\n|t:|1790439489\n|switch|p1a: Slowking|Slowking-Galar, M|100/100|[from] U-turn\n|move|p2a: Ferrothorn|Leech Seed|p1a: Slowking\n|-start|p1a: Slowking|move: Leech Seed\n|\n|-heal|p2a: Ferrothorn|53/100|[from] item: Leftovers\n|-damage|p1a: Slowking|88/100|[from] Leech Seed|[of] p2a: Ferrothorn\n|-heal|p2a: Ferrothorn|67/100|[silent]\n|upkeep\n|turn|31\n|\n|t:|1790439509\n|switch|p2a: Latios|Latios, M|100/100\n|move|p1a: Slowking|Flamethrower|p2a: Latios\n|-resisted|p2a: Latios\n|-damage|p2a: Latios|85/100\n|\n|-damage|p1a: Slowking|76/100|[from] Leech Seed|[of] p2a: Latios\n|-heal|p2a: Latios|100/100|[silent]\n|-fieldend|move: Electric Terrain\n|upkeep\n|turn|32\n|inactive|xzeroxman has 30 seconds left.\n|\n|t:|1790439529\n|switch|p2a: Ferrothorn|Ferrothorn, F|67/100\n|switch|p1a: Tapu Koko|Tapu Koko|52/100 tox\n|-fieldstart|move: Electric Terrain|[from] ability: Electric Surge|[of] p1a: Tapu Koko\n|\n|-heal|p2a: Ferrothorn|73/100|[from] item: Leftovers\n|-damage|p1a: Tapu Koko|46/100 tox|[from] psn\n|upkeep\n|turn|33\n|\n|t:|1790439546\n|move|p1a: Tapu Koko|Roost|p1a: Tapu Koko\n|-heal|p1a: Tapu Koko|97/100 tox\n|-singleturn|p1a: Tapu Koko|move: Roost\n|move|p2a: Ferrothorn|Knock Off|p1a: Tapu Koko\n|-resisted|p1a: Tapu Koko\n|-damage|p1a: Tapu Koko|83/100 tox\n|-enditem|p1a: Tapu Koko|Heavy-Duty Boots|[from] move: Knock Off|[of] p2a: Ferrothorn\n|\n|-heal|p2a: Ferrothorn|79/100|[from] item: Leftovers\n|-damage|p1a: Tapu Koko|71/100 tox|[from] psn\n|upkeep\n|turn|34\n|\n|t:|1790439556\n|move|p1a: Tapu Koko|Volt Switch|p2a: Ferrothorn\n|-resisted|p2a: Ferrothorn\n|-damage|p2a: Ferrothorn|62/100\n|\n|t:|1790439561\n|switch|p1a: Slowking|Slowking-Galar, M|100/100|[from] Volt Switch\n|move|p2a: Ferrothorn|Knock Off|p1a: Slowking\n|-supereffective|p1a: Slowking\n|-damage|p1a: Slowking|57/100\n|-enditem|p1a: Slowking|Assault Vest|[from] move: Knock Off|[of] p2a: Ferrothorn\n|\n|-heal|p2a: Ferrothorn|68/100|[from] item: Leftovers\n|upkeep\n|turn|35\n|\n|t:|1790439571\n|switch|p2a: Latios|Latios, M|100/100\n|move|p1a: Slowking|Sludge Bomb|p2a: Latios\n|-damage|p2a: Latios|54/100\n|\n|upkeep\n|turn|36\n|\n|t:|1790439593\n|switch|p1a: Landorus|Landorus-Therian, M|50/100 tox\n|-ability|p1a: Landorus|Intimidate|boost\n|-unboost|p2a: Latios|atk|1\n|move|p2a: Latios|Draco Meteor|p1a: Landorus\n|-damage|p1a: Landorus|0 fnt\n|-unboost|p2a: Latios|spa|2\n|faint|p1a: Landorus\n|\n|-fieldend|move: Electric Terrain\n|upkeep\n|j| eeeeix\n|inactive|ghostlyplanets has 270 seconds left.\n|\n|t:|1790439648\n|switch|p1a: Slowking|Slowking-Galar, M|91/100\n|turn|37\n|inactive|ghostlyplanets has 240 seconds left.\n|inactive|xzeroxman has 30 seconds left.\n|l| eeeeix\n|j| Etjx\n|\n|t:|1790439693\n|move|p2a: Latios|Draco Meteor|p1a: Slowking\n|-damage|p1a: Slowking|64/100\n|-unboost|p2a: Latios|spa|2\n|move|p1a: Slowking|Sludge Bomb|p2a: Latios\n|-damage|p2a: Latios|9/100\n|\n|upkeep\n|turn|38\n|c| Etjx|oh hey xzeroxman\n|inactive|xzeroxman has 30 seconds left.\n|inactive|xzeroxman has 20 seconds left.\n|\n|t:|1790439716\n|switch|p2a: Ferrothorn|Ferrothorn, F|68/100\n|move|p1a: Slowking|Sludge Bomb|p2a: Ferrothorn\n|-immune|p2a: Ferrothorn\n|\n|-heal|p2a: Ferrothorn|75/100|[from] item: Leftovers\n|upkeep\n|turn|39\n|inactive|xzeroxman has 30 seconds left this turn.\n|\n|t:|1790439722\n|switch|p2a: Hatterene|Hatterene, F|100/100\n|move|p1a: Slowking|Flamethrower|p2a: Hatterene\n|-damage|p2a: Hatterene|70/100\n|\n|upkeep\n|turn|40\n|inactive|xzeroxman has 30 seconds left.\n|\n|t:|1790439730\n|move|p2a: Hatterene|Nuzzle|p1a: Slowking\n|-crit|p1a: Slowking\n|-damage|p1a: Slowking|59/100\n|-status|p1a: Slowking|par\n|move|p1a: Slowking|Sludge Bomb|p2a: Hatterene\n|-supereffective|p2a: Hatterene\n|-damage|p2a: Hatterene|0 fnt\n|faint|p2a: Hatterene\n|\n|upkeep\n|inactive|xzeroxman has 30 seconds left.\n|\n|t:|1790439737\n|switch|p2a: Latios|Latios, M|9/100\n|turn|41\n|inactive|xzeroxman has 30 seconds left.\n|j| Karagiannakis\n|inactive|xzeroxman has 20 seconds left.\n|inactive|xzeroxman has 15 seconds left.\n|\n|t:|1790439764\n|switch|p1a: Tapu Koko|Tapu Koko|71/100 tox\n|-fieldstart|move: Electric Terrain|[from] ability: Electric Surge|[of] p1a: Tapu Koko\n|move|p2a: Latios|Mystical Fire|p1a: Tapu Koko\n|-damage|p1a: Tapu Koko|31/100 tox\n|-unboost|p1a: Tapu Koko|spa|1\n|\n|-damage|p1a: Tapu Koko|25/100 tox|[from] psn\n|upkeep\n|turn|42\n|inactive|xzeroxman has 25 seconds left this turn.\n|\n|t:|1790439771\n|move|p2a: Latios|Mystical Fire|p1a: Tapu Koko\n|-damage|p1a: Tapu Koko|0 fnt\n|faint|p1a: Tapu Koko\n|\n|upkeep\n|\n|t:|1790439773\n|switch|p1a: Slowking|Slowking-Galar, M|92/100 par\n|turn|43\n|inactive|xzeroxman has 30 seconds left.\n|\n|t:|1790439791\n|move|p2a: Latios|Mystical Fire|p1a: Slowking\n|-damage|p1a: Slowking|73/100 par\n|-unboost|p1a: Slowking|spa|1\n|cant|p1a: Slowking|par\n|\n|upkeep\n|turn|44\n|\n|t:|1790439795\n|move|p2a: Latios|Mystical Fire|p1a: Slowking\n|-damage|p1a: Slowking|53/100 par\n|-unboost|p1a: Slowking|spa|1\n|cant|p1a: Slowking|par\n|\n|upkeep\n|turn|45\n|j| MyPokemonRBad12\n|c|\u2606ghostlyplanets|plz\n|\n|t:|1790439799\n|move|p2a: Latios|Mystical Fire|p1a: Slowking\n|-damage|p1a: Slowking|34/100 par\n|-unboost|p1a: Slowking|spa|1\n|cant|p1a: Slowking|par\n|\n|-fieldend|move: Electric Terrain\n|upkeep\n|turn|46\n|\n|t:|1790439801\n|move|p2a: Latios|Mystical Fire|p1a: Slowking\n|-damage|p1a: Slowking|15/100 par\n|-unboost|p1a: Slowking|spa|1\n|move|p1a: Slowking|Sludge Bomb|p2a: Latios\n|-damage|p2a: Latios|0 fnt\n|faint|p2a: Latios\n|\n|upkeep\n|\n|t:|1790439804\n|switch|p2a: Ferrothorn|Ferrothorn, F|75/100\n|turn|47\n|\n|t:|1790439807\n|move|p1a: Slowking|Flamethrower|p2a: Ferrothorn\n|-supereffective|p2a: Ferrothorn\n|-damage|p2a: Ferrothorn|39/100\n|move|p2a: Ferrothorn|Knock Off|p1a: Slowking\n|-supereffective|p1a: Slowking\n|-damage|p1a: Slowking|0 fnt\n|faint|p1a: Slowking\n|\n|win|xzeroxman\n|c|\u2606xzeroxman|wow\n", "uploadtime": 1790439815, "views": "54", "formatid": "gen8ou", "rating": null, "private": 0, "password": null}