{"id": "gen8ou-2688153913", "format": "[Gen 8] OU", "players": ["sylgio", "MiloticMommy"], "log": "|j|\u2606sylgio\n|j|\u2606MiloticMommy\n|t:|1790424272\n|gametype|singles\n|player|p1|sylgio|n-masters|\n|player|p2|MiloticMommy|harlequin|\n|gen|8\n|tier|[Gen 8] OU\n|rule|HP Percentage Mod: HP is shown in percentages\n|rule|Endless Battle Clause: Forcing endless battles is banned\n|rule|Sleep Clause Mod: Limit one foe put to sleep\n|rule|Species Clause: Limit one of each Pok\u00e9mon\n|rule|OHKO Clause: OHKO moves are banned\n|rule|Evasion Items Clause: Evasion items are banned\n|rule|Evasion Moves Clause: Evasion moves are banned\n|rule|Dynamax Clause: You cannot dynamax\n|raw|<div class=\"infobox\"><details class=\"readmore\" open><summary><strong>3 custom rules:</strong></summary> +Marshadow, +Kyurem, +Magearna</details></div>\n|clearpoke\n|poke|p1|Marshadow|\n|poke|p1|Kyurem|\n|poke|p1|Zapdos-Galar|\n|poke|p1|Aegislash, F|\n|poke|p1|Xatu, F|\n|poke|p1|Sylveon, M|\n|poke|p2|Landorus-Therian, M|\n|poke|p2|Magearna|\n|poke|p2|Heatran, F|\n|poke|p2|Rotom-Wash|\n|poke|p2|Cresselia, F|\n|poke|p2|Zapdos|\n|teampreview\n|j| Togekaiser\n|\n|t:|1790424307\n|teamsize|p1|6\n|teamsize|p2|6\n|start\n|switch|p1a: Zapdos|Zapdos-Galar|100/100\n|switch|p2a: P\u00d9\u00df\u00dfy Power|Landorus-Therian, M, shiny|100/100\n|-ability|p2a: P\u00d9\u00df\u00dfy Power|Intimidate|boost\n|-unboost|p1a: Zapdos|atk|1\n|-ability|p1a: Zapdos|Defiant|boost\n|-boost|p1a: Zapdos|atk|2\n|turn|1\n|\n|t:|1790424333\n|move|p1a: Zapdos|Brave Bird|p2a: P\u00d9\u00df\u00dfy Power\n|-damage|p2a: P\u00d9\u00df\u00dfy Power|0 fnt\n|faint|p2a: P\u00d9\u00df\u00dfy Power\n|-damage|p1a: Zapdos|68/100|[from] Recoil\n|\n|upkeep\n|\n|t:|1790424344\n|switch|p2a: Wablu|Zapdos|100/100\n|turn|2\n|\n|t:|1790424364\n|switch|p1a: Kyurem|Kyurem|100/100\n|-ability|p1a: Kyurem|Pressure\n|move|p2a: Wablu|Hurricane|p1a: Kyurem\n|-damage|p1a: Kyurem|57/100\n|-start|p1a: Kyurem|confusion\n|\n|upkeep\n|turn|3\n|\n|t:|1790424382\n|-activate|p1a: Kyurem|confusion\n|-damage|p1a: Kyurem|48/100|[from] confusion\n|move|p2a: Wablu|Volt Switch|p1a: Kyurem\n|-resisted|p1a: Kyurem\n|-damage|p1a: Kyurem|35/100\n|\n|t:|1790424394\n|switch|p2a: Du Ratte Du|Heatran, F, shiny|100/100|[from] Volt Switch\n|-item|p2a: Du Ratte Du|Air Balloon\n|\n|upkeep\n|turn|4\n|\n|t:|1790424418\n|switch|p1a: Marshadow|Marshadow|100/100\n|move|p2a: Du Ratte Du|Magma Storm|p1a: Marshadow\n|-damage|p1a: Marshadow|40/100\n|-activate|p1a: Marshadow|move: Magma Storm|[of] p2a: Du Ratte Du\n|\n|-damage|p1a: Marshadow|27/100|[from] move: Magma Storm|[partiallytrapped]\n|upkeep\n|turn|5\n|\n|t:|1790424445\n|move|p1a: Marshadow|Close Combat|p2a: Du Ratte Du\n|-supereffective|p2a: Du Ratte Du\n|-damage|p2a: Du Ratte Du|0 fnt\n|-unboost|p1a: Marshadow|def|1\n|-unboost|p1a: Marshadow|spd|1\n|-enditem|p2a: Du Ratte Du|Air Balloon\n|faint|p2a: Du Ratte Du\n|-damage|p1a: Marshadow|17/100|[from] item: Life Orb\n|\n|-end|p1a: Marshadow|Magma Storm|[partiallytrapped]|[silent]\n|upkeep\n|\n|t:|1790424475\n|switch|p2a: CleanDel\u00fcx|Rotom-Wash, shiny|100/100\n|turn|6\n|\n|t:|1790424494\n|switch|p1a: Xatu|Xatu, F|100/100\n|move|p2a: CleanDel\u00fcx|Volt Switch|p1a: Xatu\n|-supereffective|p1a: Xatu\n|-damage|p1a: Xatu|35/100\n|\n|t:|1790424502\n|switch|p2a: Joey <3|Cresselia, F|100/100|[from] Volt Switch\n|\n|upkeep\n|turn|7\n|\n|t:|1790424551\n|switch|p1a: Marshadow|Marshadow|17/100\n|move|p2a: Joey <3|Moonblast|p1a: Marshadow\n|-supereffective|p1a: Marshadow\n|-damage|p1a: Marshadow|0 fnt\n|faint|p1a: Marshadow\n|\n|upkeep\n|\n|t:|1790424580\n|switch|p1a: Aegislash|Aegislash, F|100/100\n|turn|8\n|\n|t:|1790424624\n|move|p2a: Joey <3|Thunder Wave|p1a: Aegislash|[miss]\n|-miss|p2a: Joey <3|p1a: Aegislash\n|move|p1a: Aegislash|Toxic|p2a: Joey <3\n|-status|p2a: Joey <3|tox\n|\n|-damage|p2a: Joey <3|94/100 tox|[from] psn\n|upkeep\n|turn|9\n|\n|t:|1790424654\n|switch|p2a: CleanDel\u00fcx|Rotom-Wash, shiny|100/100\n|-formechange|p1a: Aegislash|Aegislash-Blade||[from] ability: Stance Change\n|move|p1a: Aegislash|Shadow Ball|p2a: CleanDel\u00fcx\n|-damage|p2a: CleanDel\u00fcx|63/100\n|\n|upkeep\n|turn|10\n|\n|t:|1790424695\n|-formechange|p1a: Aegislash|Aegislash||[from] ability: Stance Change\n|move|p1a: Aegislash|King's Shield|p1a: Aegislash\n|-singleturn|p1a: Aegislash|Protect\n|move|p2a: CleanDel\u00fcx|Volt Switch|p1a: Aegislash\n|-activate|p1a: Aegislash|move: Protect\n|\n|upkeep\n|turn|11\n|\n|t:|1790424751\n|move|p2a: CleanDel\u00fcx|Volt Switch|p1a: Aegislash\n|-damage|p1a: Aegislash|86/100\n|\n|t:|1790424758\n|switch|p2a: Baukasten|Magearna|100/100|[from] Volt Switch\n|move|p1a: Aegislash|Toxic|p2a: Baukasten\n|-immune|p2a: Baukasten\n|\n|-heal|p1a: Aegislash|92/100|[from] item: Leftovers\n|upkeep\n|turn|12\n|\n|t:|1790424792\n|move|p2a: Baukasten|Volt Switch|p1a: Aegislash\n|-crit|p1a: Aegislash\n|-damage|p1a: Aegislash|69/100\n|-damage|p2a: Baukasten|91/100|[from] item: Life Orb\n|\n|t:|1790424806\n|switch|p2a: Wablu|Zapdos|100/100|[from] Volt Switch\n|-formechange|p1a: Aegislash|Aegislash-Blade||[from] ability: Stance Change\n|move|p1a: Aegislash|Shadow Ball|p2a: Wablu\n|-damage|p2a: Wablu|65/100\n|-unboost|p2a: Wablu|spd|1\n|\n|-heal|p1a: Aegislash|75/100|[from] item: Leftovers\n|upkeep\n|turn|13\n|\n|t:|1790424831\n|-formechange|p1a: Aegislash|Aegislash||[from] ability: Stance Change\n|move|p1a: Aegislash|King's Shield|p1a: Aegislash\n|-singleturn|p1a: Aegislash|Protect\n|move|p2a: Wablu|Hurricane|p1a: Aegislash\n|-activate|p1a: Aegislash|move: Protect\n|\n|-heal|p1a: Aegislash|81/100|[from] item: Leftovers\n|upkeep\n|turn|14\n|\n|t:|1790424854\n|move|p2a: Wablu|Volt Switch|p1a: Aegislash\n|-damage|p1a: Aegislash|63/100\n|\n|t:|1790424858\n|switch|p2a: Baukasten|Magearna|91/100|[from] Volt Switch\n|-formechange|p1a: Aegislash|Aegislash-Blade||[from] ability: Stance Change\n|move|p1a: Aegislash|Shadow Ball|p2a: Baukasten\n|-crit|p2a: Baukasten\n|-damage|p2a: Baukasten|43/100\n|\n|-heal|p1a: Aegislash|70/100|[from] item: Leftovers\n|upkeep\n|turn|15\n|\n|t:|1790424891\n|-formechange|p1a: Aegislash|Aegislash||[from] ability: Stance Change\n|move|p1a: Aegislash|King's Shield|p1a: Aegislash\n|-singleturn|p1a: Aegislash|Protect\n|move|p2a: Baukasten|Pain Split|p1a: Aegislash\n|-sethp|p1a: Aegislash|59/100|[from] move: Pain Split|[silent]\n|-sethp|p2a: Baukasten|52/100|[from] move: Pain Split\n|\n|-heal|p1a: Aegislash|65/100|[from] item: Leftovers\n|upkeep\n|turn|16\n|\n|t:|1790424910\n|move|p2a: Baukasten|Heal Bell|p2a: Baukasten\n|-activate|p2a: Baukasten|move: Heal Bell\n|-curestatus|p2: Joey <3|tox|[msg]\n|-formechange|p1a: Aegislash|Aegislash-Blade||[from] ability: Stance Change\n|move|p1a: Aegislash|Shadow Ball|p2a: Baukasten\n|-damage|p2a: Baukasten|21/100\n|\n|-heal|p1a: Aegislash|71/100|[from] item: Leftovers\n|upkeep\n|turn|17\n|\n|t:|1790424925\n|switch|p1a: Kyurem|Kyurem|35/100\n|-ability|p1a: Kyurem|Pressure\n|move|p2a: Baukasten|Pain Split|p1a: Kyurem\n|-sethp|p1a: Kyurem|27/100|[from] move: Pain Split|[silent]\n|-sethp|p2a: Baukasten|29/100|[from] move: Pain Split\n|\n|upkeep\n|turn|18\n|\n|t:|1790424945\n|move|p1a: Kyurem|Ice Beam|p2a: Baukasten\n|-resisted|p2a: Baukasten\n|-damage|p2a: Baukasten|0 fnt\n|faint|p2a: Baukasten\n|\n|upkeep\n|\n|t:|1790424960\n|switch|p2a: Wablu|Zapdos|65/100\n|turn|19\n|\n|t:|1790424972\n|move|p1a: Kyurem|Ice Beam|p2a: Wablu\n|-supereffective|p2a: Wablu\n|-damage|p2a: Wablu|0 fnt\n|faint|p2a: Wablu\n|\n|upkeep\n|\n|t:|1790424979\n|switch|p2a: CleanDel\u00fcx|Rotom-Wash, shiny|63/100\n|turn|20\n|\n|t:|1790425015\n|switch|p1a: Xatu|Xatu, F|35/100\n|move|p2a: CleanDel\u00fcx|Hydro Pump|p1a: Xatu\n|-damage|p1a: Xatu|0 fnt\n|faint|p1a: Xatu\n|\n|upkeep\n|\n|t:|1790425017\n|switch|p1a: Kyurem|Kyurem|27/100\n|-ability|p1a: Kyurem|Pressure\n|turn|21\n|\n|t:|1790425026\n|move|p2a: CleanDel\u00fcx|Hydro Pump|p1a: Kyurem\n|-resisted|p1a: Kyurem\n|-damage|p1a: Kyurem|9/100\n|move|p1a: Kyurem|Freeze-Dry|p2a: CleanDel\u00fcx\n|-supereffective|p2a: CleanDel\u00fcx\n|-damage|p2a: CleanDel\u00fcx|0 fnt\n|faint|p2a: CleanDel\u00fcx\n|\n|upkeep\n|\n|t:|1790425033\n|switch|p2a: Joey <3|Cresselia, F|94/100\n|turn|22\n|\n|t:|1790425051\n|switch|p1a: Aegislash|Aegislash, F|71/100\n|move|p2a: Joey <3|Moonblast|p1a: Aegislash\n|-resisted|p1a: Aegislash\n|-damage|p1a: Aegislash|66/100\n|\n|-heal|p2a: Joey <3|100/100|[from] item: Leftovers\n|-heal|p1a: Aegislash|72/100|[from] item: Leftovers\n|upkeep\n|turn|23\n|\n|t:|1790425060\n|move|p2a: Joey <3|Thunder Wave|p1a: Aegislash|[miss]\n|-miss|p2a: Joey <3|p1a: Aegislash\n|move|p1a: Aegislash|Toxic|p2a: Joey <3\n|-status|p2a: Joey <3|tox\n|\n|-heal|p1a: Aegislash|78/100|[from] item: Leftovers\n|-damage|p2a: Joey <3|94/100 tox|[from] psn\n|upkeep\n|turn|24\n|\n|t:|1790425075\n|move|p1a: Aegislash|King's Shield|p1a: Aegislash\n|-singleturn|p1a: Aegislash|Protect\n|move|p2a: Joey <3|Thunder Wave|p1a: Aegislash\n|-status|p1a: Aegislash|par\n|\n|-heal|p2a: Joey <3|100/100 tox|[from] item: Leftovers\n|-heal|p1a: Aegislash|84/100 par|[from] item: Leftovers\n|-damage|p2a: Joey <3|88/100 tox|[from] psn\n|upkeep\n|turn|25\n|\n|t:|1790425106\n|move|p2a: Joey <3|Moonblast|p1a: Aegislash\n|-resisted|p1a: Aegislash\n|-damage|p1a: Aegislash|79/100 par\n|cant|p1a: Aegislash|par\n|\n|-heal|p2a: Joey <3|94/100 tox|[from] item: Leftovers\n|-heal|p1a: Aegislash|85/100 par|[from] item: Leftovers\n|-damage|p2a: Joey <3|76/100 tox|[from] psn\n|upkeep\n|turn|26\n|\n|t:|1790425115\n|move|p2a: Joey <3|Moonblast|p1a: Aegislash\n|-resisted|p1a: Aegislash\n|-damage|p1a: Aegislash|80/100 par\n|-formechange|p1a: Aegislash|Aegislash-Blade||[from] ability: Stance Change\n|move|p1a: Aegislash|Shadow Ball|p2a: Joey <3\n|-supereffective|p2a: Joey <3\n|-damage|p2a: Joey <3|32/100 tox\n|\n|-heal|p2a: Joey <3|38/100 tox|[from] item: Leftovers\n|-heal|p1a: Aegislash|86/100 par|[from] item: Leftovers\n|-damage|p2a: Joey <3|13/100 tox|[from] psn\n|upkeep\n|turn|27\n|\n|t:|1790425126\n|move|p2a: Joey <3|Moonblast|p1a: Aegislash\n|-resisted|p1a: Aegislash\n|-damage|p1a: Aegislash|76/100 par\n|move|p1a: Aegislash|Shadow Ball|p2a: Joey <3\n|-supereffective|p2a: Joey <3\n|-damage|p2a: Joey <3|0 fnt\n|faint|p2a: Joey <3\n|\n|win|sylgio\n", "uploadtime": 1790425140, "views": "33", "formatid": "gen8ou", "rating": null, "private": 0, "password": null}