{"id": "gen8ou-2691346473", "format": "[Gen 8] OU", "players": ["Bootycrunchers5000", "nwe cd"], "log": "|j|\u2606Bootycrunchers5000\n|j|\u2606nwe cd\n|t:|1790900548\n|gametype|singles\n|player|p1|Bootycrunchers5000|iris|\n|player|p2|nwe cd|lucas|\n|gen|8\n|tier|[Gen 8] OU\n|rule|HP Percentage Mod: HP is shown in percentages\n|rule|Endless Battle Clause: Forcing endless battles is banned\n|rule|Sleep Clause Mod: Limit one foe put to sleep\n|rule|Species Clause: Limit one of each Pok\u00e9mon\n|rule|OHKO Clause: OHKO moves are banned\n|rule|Evasion Items Clause: Evasion items are banned\n|rule|Evasion Moves Clause: Evasion moves are banned\n|rule|Dynamax Clause: You cannot dynamax\n|clearpoke\n|poke|p1|Regieleki|\n|poke|p1|Regigigas|\n|poke|p1|Dragapult, F|\n|poke|p1|Blissey, F|\n|poke|p1|Wailord, F|\n|poke|p1|Shuckle, F|\n|poke|p2|Spiritomb, M|\n|poke|p2|Porygon-Z|\n|poke|p2|Roserade, F|\n|poke|p2|Lucario, M|\n|poke|p2|Milotic, F|\n|poke|p2|Garchomp, F|\n|teampreview\n|\n|t:|1790900559\n|teamsize|p1|6\n|teamsize|p2|6\n|start\n|switch|p1a: Diabetes|Regieleki|100/100\n|switch|p2a: Lucario x|Lucario, M, shiny|100/100\n|-item|p1a: Diabetes|Air Balloon\n|turn|1\n|\n|t:|1790900571\n|move|p2a: Lucario x|Extreme Speed|p1a: Diabetes\n|-damage|p1a: Diabetes|59/100\n|-enditem|p1a: Diabetes|Air Balloon\n|move|p1a: Diabetes|Thunderbolt|p2a: Lucario x\n|-damage|p2a: Lucario x|14/100\n|\n|upkeep\n|turn|2\n|\n|t:|1790900579\n|move|p1a: Diabetes|Protect|p1a: Diabetes\n|-singleturn|p1a: Diabetes|Protect\n|move|p2a: Lucario x|Earthquake|p1a: Diabetes\n|-activate|p1a: Diabetes|move: Protect\n|\n|upkeep\n|turn|3\n|\n|t:|1790900587\n|switch|p1a: Blimey Bob|Wailord, F, shiny|100/100\n|move|p2a: Lucario x|Earthquake|p1a: Blimey Bob\n|-damage|p1a: Blimey Bob|67/100\n|\n|upkeep\n|turn|4\n|\n|t:|1790900599\n|switch|p2a: Milotic 2|Milotic, F|100/100\n|move|p1a: Blimey Bob|Blizzard|p2a: Milotic 2\n|-resisted|p2a: Milotic 2\n|-damage|p2a: Milotic 2|91/100\n|-status|p2a: Milotic 2|frz\n|\n|upkeep\n|turn|5\n|\n|t:|1790900609\n|-curestatus|p2a: Milotic 2|frz|[from] move: Scald\n|move|p2a: Milotic 2|Scald|p1a: Blimey Bob\n|-resisted|p1a: Blimey Bob\n|-damage|p1a: Blimey Bob|52/100\n|move|p1a: Blimey Bob|Heavy Slam|p2a: Milotic 2\n|-resisted|p2a: Milotic 2\n|-damage|p2a: Milotic 2|86/100\n|\n|-status|p2a: Milotic 2|brn|[from] item: Flame Orb\n|upkeep\n|turn|6\n|\n|t:|1790900624\n|switch|p1a: Bliss|Blissey, F, shiny|100/100\n|move|p2a: Milotic 2|Mirror Coat||[still]\n|-fail|p2a: Milotic 2\n|\n|-damage|p2a: Milotic 2|79/100 brn|[from] brn\n|upkeep\n|turn|7\n|\n|t:|1790900632\n|move|p1a: Bliss|Mega Kick|p2a: Milotic 2\n|-damage|p2a: Milotic 2|73/100 brn\n|move|p2a: Milotic 2|Ice Beam|p1a: Bliss\n|-damage|p1a: Bliss|91/100\n|-status|p1a: Bliss|frz\n|\n|-damage|p2a: Milotic 2|66/100 brn|[from] brn\n|upkeep\n|turn|8\n|\n|t:|1790900650\n|switch|p1a: Regurgitating|Regigigas|100/100\n|-start|p1a: Regurgitating|ability: Slow Start\n|switch|p2a: the destroyer|Garchomp, F, shiny|100/100\n|\n|upkeep\n|turn|9\n|\n|t:|1790900659\n|move|p2a: the destroyer|Swords Dance|p2a: the destroyer\n|-boost|p2a: the destroyer|atk|2\n|move|p1a: Regurgitating|High Horsepower|p2a: the destroyer\n|-damage|p2a: the destroyer|83/100\n|-damage|p1a: Regurgitating|88/100|[from] ability: Rough Skin|[of] p2a: the destroyer\n|\n|-heal|p1a: Regurgitating|94/100|[from] item: Leftovers\n|upkeep\n|turn|10\n|\n|t:|1790900671\n|move|p2a: the destroyer|Dragon Claw|p1a: Regurgitating\n|-damage|p1a: Regurgitating|30/100\n|move|p1a: Regurgitating|Mega Kick|p2a: the destroyer\n|-damage|p2a: the destroyer|54/100\n|-damage|p1a: Regurgitating|18/100|[from] ability: Rough Skin|[of] p2a: the destroyer\n|\n|-heal|p1a: Regurgitating|24/100|[from] item: Leftovers\n|upkeep\n|turn|11\n|\n|t:|1790900681\n|switch|p1a: Drags pull|Dragapult, F, shiny|100/100\n|move|p2a: the destroyer|Dragon Claw|p1a: Drags pull\n|-supereffective|p1a: Drags pull\n|-damage|p1a: Drags pull|0 fnt\n|faint|p1a: Drags pull\n|\n|upkeep\n|\n|t:|1790900690\n|switch|p1a: Blimey Bob|Wailord, F, shiny|52/100\n|turn|12\n|\n|t:|1790900695\n|move|p2a: the destroyer|Poison Jab|p1a: Blimey Bob\n|-damage|p1a: Blimey Bob|0 fnt\n|faint|p1a: Blimey Bob\n|\n|upkeep\n|\n|t:|1790900700\n|switch|p1a: Diabetes|Regieleki|59/100\n|turn|13\n|\n|t:|1790900705\n|move|p1a: Diabetes|Protect|p1a: Diabetes\n|-singleturn|p1a: Diabetes|Protect\n|move|p2a: the destroyer|Earthquake|p1a: Diabetes\n|-activate|p1a: Diabetes|move: Protect\n|\n|upkeep\n|turn|14\n|\n|t:|1790900713\n|switch|p1a: Bliss|Blissey, F, shiny|91/100 frz\n|move|p2a: the destroyer|Earthquake|p1a: Bliss\n|-damage|p1a: Bliss|0 fnt\n|faint|p1a: Bliss\n|\n|upkeep\n|\n|t:|1790900719\n|switch|p1a: Regurgitating|Regigigas|24/100\n|-start|p1a: Regurgitating|ability: Slow Start\n|turn|15\n|\n|t:|1790900725\n|move|p2a: the destroyer|Dragon Claw|p1a: Regurgitating\n|-damage|p1a: Regurgitating|0 fnt\n|faint|p1a: Regurgitating\n|-end|p1a: Regurgitating|Slow Start|[silent]\n|\n|upkeep\n|\n|t:|1790900730\n|switch|p1a: Femboy|Shuckle, F, shiny|100/100\n|turn|16\n|\n|t:|1790900734\n|move|p2a: the destroyer|Earthquake|p1a: Femboy\n|-damage|p1a: Femboy|20/100\n|move|p1a: Femboy|Earthquake|p2a: the destroyer\n|-damage|p2a: the destroyer|49/100\n|\n|-heal|p1a: Femboy|26/100|[from] item: Leftovers\n|upkeep\n|turn|17\n|\n|t:|1790900743\n|move|p2a: the destroyer|Earthquake|p1a: Femboy\n|-damage|p1a: Femboy|0 fnt\n|faint|p1a: Femboy\n|\n|upkeep\n|\n|t:|1790900747\n|switch|p1a: Diabetes|Regieleki|59/100\n|turn|18\n|\n|t:|1790900751\n|move|p1a: Diabetes|Protect|p1a: Diabetes\n|-singleturn|p1a: Diabetes|Protect\n|move|p2a: the destroyer|Earthquake|p1a: Diabetes\n|-activate|p1a: Diabetes|move: Protect\n|\n|upkeep\n|turn|19\n|\n|t:|1790900756\n|move|p1a: Diabetes|Protect||[still]\n|-fail|p1a: Diabetes\n|move|p2a: the destroyer|Earthquake|p1a: Diabetes\n|-supereffective|p1a: Diabetes\n|-damage|p1a: Diabetes|0 fnt\n|faint|p1a: Diabetes\n|\n|win|nwe cd\n", "uploadtime": 1790900764, "views": "3", "formatid": "gen8ou", "rating": null, "private": 0, "password": null}