{"id": "gen8ou-2688493776", "format": "[Gen 8] OU", "players": ["its a game chill", "Elektrizitat power"], "log": "|j|\u2606its a game chill\n|j|\u2606Elektrizitat power\n|t:|1790477549\n|gametype|singles\n|player|p1|its a game chill|1|1216\n|player|p2|Elektrizitat power|hugh|1033\n|gen|8\n|tier|[Gen 8] OU\n|rated|\n|rule|HP Percentage Mod: HP is shown in percentages\n|rule|Endless Battle Clause: Forcing endless battles is banned\n|rule|Sleep Clause Mod: Limit one foe put to sleep\n|rule|Species Clause: Limit one of each Pok\u00e9mon\n|rule|OHKO Clause: OHKO moves are banned\n|rule|Evasion Items Clause: Evasion items are banned\n|rule|Evasion Moves Clause: Evasion moves are banned\n|rule|Dynamax Clause: You cannot dynamax\n|clearpoke\n|poke|p1|Tyranitar, F|\n|poke|p1|Ninetales-Alola, M|\n|poke|p1|Zapdos|\n|poke|p1|Tapu Bulu|\n|poke|p1|Dracozolt|\n|poke|p1|Arctozolt|\n|poke|p2|Zeraora|\n|poke|p2|Rotom-Wash|\n|poke|p2|Garchomp, M|\n|poke|p2|Corviknight, F|\n|poke|p2|Tapu Koko|\n|poke|p2|Urshifu-*, M|\n|teampreview\n|inactive|Battle timer is ON: inactive players will automatically lose when time's up. (requested by its a game chill)\n|\n|t:|1790477561\n|teamsize|p1|6\n|teamsize|p2|6\n|start\n|switch|p1a: The Archbishop|Tapu Bulu|100/100\n|switch|p2a: Garchomp|Garchomp, M|100/100\n|-fieldstart|move: Grassy Terrain|[from] ability: Grassy Surge|[of] p1a: The Archbishop\n|turn|1\n|\n|t:|1790477580\n|switch|p1a: Mr. Frost|Arctozolt|100/100\n|move|p2a: Garchomp|Stealth Rock|p1a: Mr. Frost\n|-sidestart|p1: its a game chill|move: Stealth Rock\n|\n|upkeep\n|turn|2\n|\n|t:|1790477591\n|move|p1a: Mr. Frost|Bolt Beak|p2a: Garchomp\n|-immune|p2a: Garchomp\n|move|p2a: Garchomp|Dragon Tail|p1a: Mr. Frost\n|-damage|p1a: Mr. Frost|72/100\n|drag|p1a: The Archbishop|Tapu Bulu|100/100\n|-damage|p1a: The Archbishop|88/100|[from] Stealth Rock\n|\n|-heal|p1a: The Archbishop|94/100|[from] Grassy Terrain\n|upkeep\n|turn|3\n|\n|t:|1790477602\n|move|p2a: Garchomp|Toxic|p1a: The Archbishop\n|-status|p1a: The Archbishop|tox\n|move|p1a: The Archbishop|Toxic|p2a: Garchomp\n|-status|p2a: Garchomp|tox\n|\n|-heal|p1a: The Archbishop|99/100 tox|[from] Grassy Terrain\n|-damage|p2a: Garchomp|94/100 tox|[from] psn\n|-damage|p1a: The Archbishop|94/100 tox|[from] psn\n|upkeep\n|turn|4\n|\n|t:|1790477612\n|switch|p2a: Corviknight|Corviknight, F|100/100\n|move|p1a: The Archbishop|Leech Seed|p2a: Corviknight\n|-start|p2a: Corviknight|move: Leech Seed\n|\n|-heal|p1a: The Archbishop|99/100 tox|[from] Grassy Terrain\n|-damage|p2a: Corviknight|88/100|[from] Leech Seed|[of] p1a: The Archbishop\n|-heal|p1a: The Archbishop|100/100 tox|[silent]\n|-damage|p1a: The Archbishop|88/100 tox|[from] psn\n|upkeep\n|turn|5\n|\n|t:|1790477625\n|move|p2a: Corviknight|Taunt|p1a: The Archbishop\n|-start|p1a: The Archbishop|move: Taunt\n|cant|p1a: The Archbishop|move: Taunt|Whirlwind\n|\n|-heal|p1a: The Archbishop|94/100 tox|[from] Grassy Terrain\n|-damage|p2a: Corviknight|76/100|[from] Leech Seed|[of] p1a: The Archbishop\n|-heal|p1a: The Archbishop|100/100 tox|[silent]\n|-damage|p1a: The Archbishop|82/100 tox|[from] psn\n|-fieldend|move: Grassy Terrain\n|upkeep\n|turn|6\n|\n|t:|1790477648\n|switch|p1a: Lady Frost|Ninetales-Alola, M|100/100\n|-weather|Hail|[from] ability: Snow Warning|[of] p1a: Lady Frost\n|switch|p2a: Garchomp|Garchomp, M|94/100 tox\n|\n|-weather|Hail|[upkeep]\n|-damage|p2a: Garchomp|88/100 tox|[from] Hail\n|-heal|p2a: Garchomp|94/100 tox|[from] item: Leftovers\n|-damage|p2a: Garchomp|88/100 tox|[from] psn\n|upkeep\n|turn|7\n|\n|t:|1790477662\n|move|p1a: Lady Frost|Heal Bell|p1a: Lady Frost\n|-activate|p1a: Lady Frost|move: Heal Bell\n|-curestatus|p1: The Archbishop|tox|[msg]\n|move|p2a: Garchomp|Toxic|p1a: Lady Frost\n|-status|p1a: Lady Frost|tox\n|\n|-weather|Hail|[upkeep]\n|-damage|p2a: Garchomp|82/100 tox|[from] Hail\n|-heal|p2a: Garchomp|88/100 tox|[from] item: Leftovers\n|-damage|p1a: Lady Frost|95/100 tox|[from] psn\n|-damage|p2a: Garchomp|76/100 tox|[from] psn\n|upkeep\n|turn|8\n|\n|t:|1790477679\n|switch|p1a: Mr. Frost|Arctozolt|72/100\n|switch|p2a: Corviknight|Corviknight, F|76/100\n|\n|-weather|Hail|[upkeep]\n|-damage|p2a: Corviknight|70/100|[from] Hail\n|upkeep\n|turn|9\n|\n|t:|1790477688\n|switch|p2a: Tapu Koko|Tapu Koko, shiny|100/100\n|-fieldstart|move: Electric Terrain|[from] ability: Electric Surge|[of] p2a: Tapu Koko\n|move|p1a: Mr. Frost|Icicle Crash|p2a: Tapu Koko\n|-damage|p2a: Tapu Koko|42/100\n|\n|-weather|Hail|[upkeep]\n|-damage|p2a: Tapu Koko|36/100|[from] Hail\n|upkeep\n|turn|10\n|\n|t:|1790477702\n|move|p1a: Mr. Frost|Bolt Beak|p2a: Tapu Koko\n|-resisted|p2a: Tapu Koko\n|-damage|p2a: Tapu Koko|0 fnt\n|faint|p2a: Tapu Koko\n|\n|-weather|none\n|upkeep\n|\n|t:|1790477709\n|switch|p2a: Urshifu|Urshifu-Rapid-Strike, M|100/100\n|turn|11\n|\n|t:|1790477716\n|switch|p1a: The Archbishop|Tapu Bulu|82/100\n|-damage|p1a: The Archbishop|70/100|[from] Stealth Rock\n|-fieldstart|move: Grassy Terrain|[from] ability: Grassy Surge|[of] p1a: The Archbishop\n|move|p2a: Urshifu|Close Combat|p1a: The Archbishop\n|-resisted|p1a: The Archbishop\n|-damage|p1a: The Archbishop|50/100\n|-unboost|p2a: Urshifu|def|1\n|-unboost|p2a: Urshifu|spd|1\n|-damage|p2a: Urshifu|84/100|[from] item: Rocky Helmet|[of] p1a: The Archbishop\n|\n|-heal|p2a: Urshifu|90/100|[from] Grassy Terrain\n|-heal|p1a: The Archbishop|57/100|[from] Grassy Terrain\n|upkeep\n|turn|12\n|\n|t:|1790477732\n|switch|p2a: Corviknight|Corviknight, F|70/100\n|move|p1a: The Archbishop|Horn Leech|p2a: Corviknight\n|-resisted|p2a: Corviknight\n|-damage|p2a: Corviknight|63/100\n|-heal|p1a: The Archbishop|60/100|[from] drain|[of] p2a: Corviknight\n|-damage|p1a: The Archbishop|44/100|[from] item: Rocky Helmet|[of] p2a: Corviknight\n|\n|-heal|p1a: The Archbishop|50/100|[from] Grassy Terrain\n|upkeep\n|turn|13\n|\n|t:|1790477744\n|move|p1a: The Archbishop|Leech Seed|p2a: Corviknight\n|-start|p2a: Corviknight|move: Leech Seed\n|move|p2a: Corviknight|Taunt|p1a: The Archbishop\n|-start|p1a: The Archbishop|move: Taunt\n|\n|-heal|p1a: The Archbishop|56/100|[from] Grassy Terrain\n|-damage|p2a: Corviknight|51/100|[from] Leech Seed|[of] p1a: The Archbishop\n|-heal|p1a: The Archbishop|69/100|[silent]\n|upkeep\n|turn|14\n|\n|t:|1790477758\n|switch|p1a: Mr. Frost|Arctozolt|72/100\n|move|p2a: Corviknight|Roost|p2a: Corviknight\n|-heal|p2a: Corviknight|100/100\n|-singleturn|p2a: Corviknight|move: Roost\n|\n|-heal|p1a: Mr. Frost|78/100|[from] Grassy Terrain\n|-damage|p2a: Corviknight|88/100|[from] Leech Seed|[of] p1a: Mr. Frost\n|-heal|p1a: Mr. Frost|92/100|[silent]\n|upkeep\n|turn|15\n|\n|t:|1790477771\n|switch|p2a: Rotom|Rotom-Wash|100/100\n|move|p1a: Mr. Frost|Bolt Beak|p2a: Rotom\n|-damage|p2a: Rotom|26/100\n|\n|-heal|p1a: Mr. Frost|99/100|[from] Grassy Terrain\n|-fieldend|move: Grassy Terrain\n|upkeep\n|turn|16\n|\n|t:|1790477781\n|switch|p1a: Lady Frost|Ninetales-Alola, M|95/100 tox\n|-weather|Hail|[from] ability: Snow Warning|[of] p1a: Lady Frost\n|move|p2a: Rotom|Will-O-Wisp||[still]\n|-fail|p2a: Rotom\n|\n|-weather|Hail|[upkeep]\n|-damage|p2a: Rotom|20/100|[from] Hail\n|-enditem|p2a: Rotom|Aguav Berry|[eat]\n|-heal|p2a: Rotom|53/100|[from] item: Aguav Berry\n|-damage|p1a: Lady Frost|89/100 tox|[from] psn\n|upkeep\n|turn|17\n|\n|t:|1790477797\n|move|p1a: Lady Frost|Freeze-Dry|p2a: Rotom\n|-supereffective|p2a: Rotom\n|-damage|p2a: Rotom|0 fnt\n|faint|p2a: Rotom\n|\n|-weather|Hail|[upkeep]\n|-damage|p1a: Lady Frost|77/100 tox|[from] psn\n|upkeep\n|\n|t:|1790477807\n|switch|p2a: Urshifu|Urshifu-Rapid-Strike, M|90/100\n|turn|18\n|\n|t:|1790477815\n|switch|p1a: The Archbishop|Tapu Bulu|69/100\n|-damage|p1a: The Archbishop|56/100|[from] Stealth Rock\n|-fieldstart|move: Grassy Terrain|[from] ability: Grassy Surge|[of] p1a: The Archbishop\n|move|p2a: Urshifu|Surging Strikes|p1a: The Archbishop\n|-resisted|p1a: The Archbishop\n|-crit|p1a: The Archbishop\n|-damage|p1a: The Archbishop|50/100\n|-damage|p2a: Urshifu|74/100|[from] item: Rocky Helmet|[of] p1a: The Archbishop\n|-resisted|p1a: The Archbishop\n|-crit|p1a: The Archbishop\n|-damage|p1a: The Archbishop|44/100\n|-damage|p2a: Urshifu|57/100|[from] item: Rocky Helmet|[of] p1a: The Archbishop\n|-resisted|p1a: The Archbishop\n|-crit|p1a: The Archbishop\n|-damage|p1a: The Archbishop|38/100\n|-damage|p2a: Urshifu|41/100|[from] item: Rocky Helmet|[of] p1a: The Archbishop\n|-hitcount|p1a: The Archbishop|3\n|\n|-weather|Hail|[upkeep]\n|-damage|p2a: Urshifu|35/100|[from] Hail\n|-damage|p1a: The Archbishop|32/100|[from] Hail\n|-heal|p2a: Urshifu|41/100|[from] Grassy Terrain\n|-heal|p1a: The Archbishop|38/100|[from] Grassy Terrain\n|upkeep\n|turn|19\n|\n|t:|1790477838\n|switch|p2a: Corviknight|Corviknight, F|88/100\n|move|p1a: The Archbishop|Leech Seed|p2a: Corviknight\n|-start|p2a: Corviknight|move: Leech Seed\n|\n|-weather|Hail|[upkeep]\n|-damage|p1a: The Archbishop|32/100|[from] Hail\n|-damage|p2a: Corviknight|82/100|[from] Hail\n|-heal|p1a: The Archbishop|38/100|[from] Grassy Terrain\n|-damage|p2a: Corviknight|70/100|[from] Leech Seed|[of] p1a: The Archbishop\n|-heal|p1a: The Archbishop|51/100|[silent]\n|upkeep\n|turn|20\n|\n|t:|1790477850\n|switch|p2a: Garchomp|Garchomp, M|76/100 tox\n|move|p1a: The Archbishop|Leech Seed|p2a: Garchomp\n|-start|p2a: Garchomp|move: Leech Seed\n|\n|-weather|none\n|-heal|p2a: Garchomp|82/100 tox|[from] Grassy Terrain\n|-heal|p2a: Garchomp|88/100 tox|[from] item: Leftovers\n|-heal|p1a: The Archbishop|57/100|[from] Grassy Terrain\n|-damage|p2a: Garchomp|76/100 tox|[from] Leech Seed|[of] p1a: The Archbishop\n|-heal|p1a: The Archbishop|72/100|[silent]\n|-damage|p2a: Garchomp|70/100 tox|[from] psn\n|upkeep\n|turn|21\n|\n|t:|1790477863\n|switch|p1a: Lady Frost|Ninetales-Alola, M|77/100 tox\n|-weather|Hail|[from] ability: Snow Warning|[of] p1a: Lady Frost\n|move|p2a: Garchomp|Toxic|p1a: Lady Frost\n|-fail|p1a: Lady Frost|tox\n|\n|-weather|Hail|[upkeep]\n|-damage|p2a: Garchomp|63/100 tox|[from] Hail\n|-heal|p1a: Lady Frost|83/100 tox|[from] Grassy Terrain\n|-heal|p2a: Garchomp|70/100 tox|[from] Grassy Terrain\n|-heal|p2a: Garchomp|76/100 tox|[from] item: Leftovers\n|-damage|p2a: Garchomp|63/100 tox|[from] Leech Seed|[of] p1a: Lady Frost\n|-heal|p1a: Lady Frost|100/100 tox|[silent]\n|-damage|p1a: Lady Frost|95/100 tox|[from] psn\n|-damage|p2a: Garchomp|51/100 tox|[from] psn\n|upkeep\n|turn|22\n|\n|t:|1790477883\n|switch|p2a: Corviknight|Corviknight, F|70/100\n|move|p1a: Lady Frost|Freeze-Dry|p2a: Corviknight\n|-damage|p2a: Corviknight|43/100\n|\n|-weather|Hail|[upkeep]\n|-damage|p2a: Corviknight|37/100|[from] Hail\n|-heal|p1a: Lady Frost|100/100 tox|[from] Grassy Terrain\n|-damage|p1a: Lady Frost|89/100 tox|[from] psn\n|-fieldend|move: Grassy Terrain\n|upkeep\n|turn|23\n|\n|t:|1790477894\n|switch|p1a: Mr. Frost|Arctozolt|99/100\n|move|p2a: Corviknight|Roost|p2a: Corviknight\n|-heal|p2a: Corviknight|87/100\n|-singleturn|p2a: Corviknight|move: Roost\n|\n|-weather|Hail|[upkeep]\n|-damage|p2a: Corviknight|81/100|[from] Hail\n|upkeep\n|turn|24\n|\n|t:|1790477904\n|switch|p2a: Garchomp|Garchomp, M|51/100 tox\n|move|p1a: Mr. Frost|Bolt Beak|p2a: Garchomp\n|-immune|p2a: Garchomp\n|\n|-weather|Hail|[upkeep]\n|-damage|p2a: Garchomp|45/100 tox|[from] Hail\n|-heal|p2a: Garchomp|51/100 tox|[from] item: Leftovers\n|-damage|p2a: Garchomp|45/100 tox|[from] psn\n|upkeep\n|turn|25\n|\n|t:|1790477915\n|move|p1a: Mr. Frost|Freeze-Dry|p2a: Garchomp\n|-supereffective|p2a: Garchomp\n|-damage|p2a: Garchomp|0 fnt\n|faint|p2a: Garchomp\n|\n|-weather|none\n|upkeep\n|\n|t:|1790477923\n|switch|p2a: Zeraora|Zeraora|100/100\n|turn|26\n|\n|t:|1790477928\n|switch|p1a: The Archbishop|Tapu Bulu|72/100\n|-damage|p1a: The Archbishop|60/100|[from] Stealth Rock\n|-fieldstart|move: Grassy Terrain|[from] ability: Grassy Surge|[of] p1a: The Archbishop\n|move|p2a: Zeraora|Close Combat|p1a: The Archbishop\n|-resisted|p1a: The Archbishop\n|-damage|p1a: The Archbishop|45/100\n|-unboost|p2a: Zeraora|def|1\n|-unboost|p2a: Zeraora|spd|1\n|-damage|p2a: Zeraora|84/100|[from] item: Rocky Helmet|[of] p1a: The Archbishop\n|-damage|p2a: Zeraora|74/100|[from] item: Life Orb\n|\n|-heal|p2a: Zeraora|80/100|[from] Grassy Terrain\n|-heal|p1a: The Archbishop|51/100|[from] Grassy Terrain\n|upkeep\n|turn|27\n|\n|t:|1790477944\n|move|p2a: Zeraora|Taunt|p1a: The Archbishop\n|-start|p1a: The Archbishop|move: Taunt\n|cant|p1a: The Archbishop|move: Taunt|Leech Seed\n|\n|-heal|p2a: Zeraora|86/100|[from] Grassy Terrain\n|-heal|p1a: The Archbishop|57/100|[from] Grassy Terrain\n|upkeep\n|turn|28\n|\n|t:|1790477957\n|move|p2a: Zeraora|Knock Off|p1a: The Archbishop\n|-resisted|p1a: The Archbishop\n|-damage|p1a: The Archbishop|45/100\n|-damage|p2a: Zeraora|70/100|[from] item: Rocky Helmet|[of] p1a: The Archbishop\n|-enditem|p1a: The Archbishop|Rocky Helmet|[from] move: Knock Off|[of] p2a: Zeraora\n|-damage|p2a: Zeraora|60/100|[from] item: Life Orb\n|move|p1a: The Archbishop|Horn Leech|p2a: Zeraora\n|-damage|p2a: Zeraora|0 fnt\n|-heal|p1a: The Archbishop|72/100|[from] drain|[of] p2a: Zeraora\n|faint|p2a: Zeraora\n|\n|-heal|p1a: The Archbishop|78/100|[from] Grassy Terrain\n|upkeep\n|\n|t:|1790477971\n|switch|p2a: Corviknight|Corviknight, F|81/100\n|turn|29\n|\n|t:|1790477976\n|switch|p1a: Mr. Frost|Arctozolt|99/100\n|move|p2a: Corviknight|Iron Defense|p2a: Corviknight\n|-boost|p2a: Corviknight|def|2\n|\n|-heal|p1a: Mr. Frost|100/100|[from] Grassy Terrain\n|upkeep\n|turn|30\n|\n|t:|1790477984\n|switch|p1a: The Witch|Zapdos|100/100\n|move|p2a: Corviknight|Body Press|p1a: The Witch\n|-resisted|p1a: The Witch\n|-crit|p1a: The Witch\n|-damage|p1a: The Witch|74/100\n|\n|-fieldend|move: Grassy Terrain\n|upkeep\n|turn|31\n|\n|t:|1790477994\n|move|p1a: The Witch|Heat Wave|p2a: Corviknight\n|-supereffective|p2a: Corviknight\n|-damage|p2a: Corviknight|31/100\n|move|p2a: Corviknight|Taunt|p1a: The Witch\n|-start|p1a: The Witch|move: Taunt\n|\n|upkeep\n|turn|32\n|\n|t:|1790478002\n|move|p1a: The Witch|Volt Switch|p2a: Corviknight\n|-supereffective|p2a: Corviknight\n|-damage|p2a: Corviknight|0 fnt\n|faint|p2a: Corviknight\n|\n|t:|1790478007\n|switch|p1a: The Archbishop|Tapu Bulu|78/100|[from] Volt Switch\n|-damage|p1a: The Archbishop|66/100|[from] Stealth Rock\n|-fieldstart|move: Grassy Terrain|[from] ability: Grassy Surge|[of] p1a: The Archbishop\n|\n|-heal|p1a: The Archbishop|72/100|[from] Grassy Terrain\n|upkeep\n|\n|t:|1790478015\n|switch|p2a: Urshifu|Urshifu-Rapid-Strike, M|41/100\n|turn|33\n|\n|t:|1790478022\n|move|p2a: Urshifu|U-turn|p1a: The Archbishop\n|-damage|p1a: The Archbishop|56/100\n|move|p1a: The Archbishop|Horn Leech|p2a: Urshifu\n|-supereffective|p2a: Urshifu\n|-damage|p2a: Urshifu|0 fnt\n|-heal|p1a: The Archbishop|76/100|[from] drain|[of] p2a: Urshifu\n|faint|p2a: Urshifu\n|\n|win|its a game chill\n|raw|its a game chill's rating: 1216 &rarr; <strong>1229</strong><br />(+13 for winning)\n|raw|Elektrizitat power's rating: 1033 &rarr; <strong>1025</strong><br />(-8 for losing)\n|l|\u2606Elektrizitat power\n|player|p2|\n", "uploadtime": 1790478032, "views": "29", "formatid": "gen8ou", "rating": 1025, "private": 0, "password": null}