{"id": "gen8ou-2688766476", "format": "[Gen 8] OU", "players": ["13th Nu", "Zygarde12"], "log": "|j|\u260613th Nu\n|j|\u203dZygarde12\n|t:|1790530790\n|gametype|singles\n|player|p1|13th Nu|erika-gen2|\n|player|p2|Zygarde12|#adpl9|\n|gen|8\n|tier|[Gen 8] OU\n|rule|HP Percentage Mod: HP is shown in percentages\n|rule|Endless Battle Clause: Forcing endless battles is banned\n|rule|Sleep Clause Mod: Limit one foe put to sleep\n|rule|Species Clause: Limit one of each Pok\u00e9mon\n|rule|OHKO Clause: OHKO moves are banned\n|rule|Evasion Items Clause: Evasion items are banned\n|rule|Evasion Moves Clause: Evasion moves are banned\n|rule|Dynamax Clause: You cannot dynamax\n|clearpoke\n|poke|p1|Hippowdon, F|\n|poke|p1|Skarmory, M|\n|poke|p1|Toxapex, F|\n|poke|p1|Tornadus-Therian, M|\n|poke|p1|Reuniclus, F|\n|poke|p1|Tapu Koko|\n|poke|p2|Tapu Koko|\n|poke|p2|Landorus-Therian, M|\n|poke|p2|Ferrothorn, F|\n|poke|p2|Heatran, F|\n|poke|p2|Dragonite, F|\n|poke|p2|Weavile, M|\n|teampreview\n|c|\u260613th Nu|glhf\n|n|\u2606Zygarde12|zygarde12\n|c|\u2606Zygarde12|u2\n|\n|t:|1790530830\n|teamsize|p1|6\n|teamsize|p2|6\n|start\n|switch|p1a: XO / The Host|Hippowdon, F|100/100\n|switch|p2a: Heatran|Heatran, F|100/100\n|-weather|Sandstorm|[from] ability: Sand Stream|[of] p1a: XO / The Host\n|turn|1\n|\n|t:|1790530837\n|switch|p2a: Landorus|Landorus-Therian, M|100/100\n|-ability|p2a: Landorus|Intimidate|boost\n|-unboost|p1a: XO / The Host|atk|1\n|move|p1a: XO / The Host|Stealth Rock|p2a: Landorus\n|-sidestart|p2: Zygarde12|move: Stealth Rock\n|\n|-weather|Sandstorm|[upkeep]\n|upkeep\n|turn|2\n|\n|t:|1790530843\n|move|p2a: Landorus|Defog|p1a: XO / The Host\n|-unboost|p1a: XO / The Host|evasion|1\n|-sideend|p2: Zygarde12|Stealth Rock|[from] move: Defog|[of] p2a: Landorus\n|move|p1a: XO / The Host|Toxic|p2a: Landorus\n|-status|p2a: Landorus|tox\n|\n|-weather|Sandstorm|[upkeep]\n|-damage|p2a: Landorus|94/100 tox|[from] psn\n|upkeep\n|turn|3\n|\n|t:|1790530847\n|switch|p1a: Next|Skarmory, M|100/100\n|move|p2a: Landorus|Toxic|p1a: Next\n|-immune|p1a: Next\n|\n|-weather|Sandstorm|[upkeep]\n|-heal|p2a: Landorus|100/100 tox|[from] item: Leftovers\n|-damage|p2a: Landorus|88/100 tox|[from] psn\n|upkeep\n|turn|4\n|\n|t:|1790530864\n|switch|p2a: Heatran|Heatran, F|100/100\n|move|p1a: Next|Spikes|p2a: Heatran\n|-sidestart|p2: Zygarde12|Spikes\n|\n|-weather|Sandstorm|[upkeep]\n|upkeep\n|turn|5\n|\n|t:|1790530869\n|switch|p1a: Initiation|Toxapex, F|100/100\n|move|p2a: Heatran|Stealth Rock|p1a: Initiation\n|-sidestart|p1: 13th Nu|move: Stealth Rock\n|\n|-weather|none\n|upkeep\n|turn|6\n|\n|t:|1790530875\n|move|p2a: Heatran|Magma Storm|p1a: Initiation\n|-resisted|p1a: Initiation\n|-damage|p1a: Initiation|86/100\n|-activate|p1a: Initiation|move: Magma Storm|[of] p2a: Heatran\n|move|p1a: Initiation|Scald|p2a: Heatran\n|-supereffective|p2a: Heatran\n|-damage|p2a: Heatran|80/100\n|\n|-heal|p2a: Heatran|87/100|[from] item: Leftovers\n|-damage|p1a: Initiation|74/100|[from] move: Magma Storm|[partiallytrapped]\n|upkeep\n|turn|7\n|\n|t:|1790530885\n|switch|p1a: XO / The Host|Hippowdon, F|100/100\n|-damage|p1a: XO / The Host|94/100|[from] Stealth Rock\n|-weather|Sandstorm|[from] ability: Sand Stream|[of] p1a: XO / The Host\n|move|p2a: Heatran|Earth Power|p1a: XO / The Host\n|-damage|p1a: XO / The Host|75/100\n|\n|-weather|Sandstorm|[upkeep]\n|-heal|p2a: Heatran|93/100|[from] item: Leftovers\n|-heal|p1a: XO / The Host|81/100|[from] item: Leftovers\n|upkeep\n|turn|8\n|\n|t:|1790530900\n|move|p2a: Heatran|Taunt|p1a: XO / The Host\n|-start|p1a: XO / The Host|move: Taunt\n|cant|p1a: XO / The Host|move: Taunt|Stealth Rock\n|\n|-weather|Sandstorm|[upkeep]\n|-heal|p2a: Heatran|99/100|[from] item: Leftovers\n|-heal|p1a: XO / The Host|88/100|[from] item: Leftovers\n|upkeep\n|turn|9\n|\n|t:|1790530907\n|switch|p2a: Landorus|Landorus-Therian, M|88/100 tox\n|-ability|p2a: Landorus|Intimidate|boost\n|-unboost|p1a: XO / The Host|atk|1\n|switch|p1a: The Birds Pt. 2|Tornadus-Therian, M|100/100\n|\n|-weather|Sandstorm|[upkeep]\n|-damage|p1a: The Birds Pt. 2|94/100|[from] Sandstorm\n|-heal|p2a: Landorus|94/100 tox|[from] item: Leftovers\n|-damage|p2a: Landorus|88/100 tox|[from] psn\n|upkeep\n|turn|10\n|\n|t:|1790530914\n|move|p1a: The Birds Pt. 2|Taunt|p2a: Landorus\n|-start|p2a: Landorus|move: Taunt\n|move|p2a: Landorus|U-turn|p1a: The Birds Pt. 2\n|-resisted|p1a: The Birds Pt. 2\n|-damage|p1a: The Birds Pt. 2|82/100\n|\n|t:|1790530923\n|switch|p2a: Tapu Koko|Tapu Koko|100/100|[from] U-turn\n|-fieldstart|move: Electric Terrain|[from] ability: Electric Surge|[of] p2a: Tapu Koko\n|\n|-weather|Sandstorm|[upkeep]\n|-damage|p2a: Tapu Koko|94/100|[from] Sandstorm\n|-damage|p1a: The Birds Pt. 2|76/100|[from] Sandstorm\n|upkeep\n|turn|11\n|\n|t:|1790530936\n|switch|p1a: XO / The Host|Hippowdon, F|88/100\n|-damage|p1a: XO / The Host|81/100|[from] Stealth Rock\n|move|p2a: Tapu Koko|U-turn|p1a: XO / The Host\n|-damage|p1a: XO / The Host|70/100\n|\n|t:|1790530944\n|switch|p2a: Weavile|Weavile, M|100/100|[from] U-turn\n|-ability|p2a: Weavile|Pressure\n|\n|-weather|none\n|-heal|p1a: XO / The Host|76/100|[from] item: Leftovers\n|upkeep\n|turn|12\n|\n|t:|1790530964\n|switch|p1a: Next|Skarmory, M|100/100\n|-damage|p1a: Next|88/100|[from] Stealth Rock\n|move|p2a: Weavile|Swords Dance|p2a: Weavile\n|-boost|p2a: Weavile|atk|2\n|\n|upkeep\n|turn|13\n|\n|t:|1790530971\n|move|p2a: Weavile|Knock Off|p1a: Next\n|-damage|p1a: Next|29/100\n|-damage|p2a: Weavile|84/100|[from] item: Rocky Helmet|[of] p1a: Next\n|-enditem|p1a: Next|Rocky Helmet|[from] move: Knock Off|[of] p2a: Weavile\n|move|p1a: Next|Body Press|p2a: Weavile\n|-supereffective|p2a: Weavile\n|-damage|p2a: Weavile|0 fnt\n|faint|p2a: Weavile\n|\n|upkeep\n|\n|t:|1790530979\n|switch|p2a: Tapu Koko|Tapu Koko|94/100\n|turn|14\n|\n|t:|1790530986\n|move|p2a: Tapu Koko|U-turn|p1a: Next\n|-resisted|p1a: Next\n|-damage|p1a: Next|26/100\n|\n|t:|1790530988\n|switch|p2a: Heatran|Heatran, F|99/100|[from] U-turn\n|-damage|p2a: Heatran|87/100|[from] Spikes\n|move|p1a: Next|Roost|p1a: Next\n|-heal|p1a: Next|76/100\n|-singleturn|p1a: Next|move: Roost\n|\n|-heal|p2a: Heatran|93/100|[from] item: Leftovers\n|-fieldend|move: Electric Terrain\n|upkeep\n|turn|15\n|\n|t:|1790530999\n|switch|p1a: Initiation|Toxapex, F|100/100\n|-damage|p1a: Initiation|88/100|[from] Stealth Rock\n|move|p2a: Heatran|Magma Storm|p1a: Initiation|[miss]\n|-miss|p2a: Heatran|p1a: Initiation\n|\n|-heal|p2a: Heatran|99/100|[from] item: Leftovers\n|upkeep\n|turn|16\n|\n|t:|1790531006\n|move|p2a: Heatran|Earth Power|p1a: Initiation\n|-supereffective|p1a: Initiation\n|-damage|p1a: Initiation|55/100\n|move|p1a: Initiation|Scald|p2a: Heatran\n|-supereffective|p2a: Heatran\n|-damage|p2a: Heatran|77/100\n|\n|-heal|p2a: Heatran|83/100|[from] item: Leftovers\n|upkeep\n|turn|17\n|\n|t:|1790531012\n|move|p2a: Heatran|Taunt|p1a: Initiation\n|-start|p1a: Initiation|move: Taunt\n|cant|p1a: Initiation|move: Taunt|Recover\n|\n|-heal|p2a: Heatran|89/100|[from] item: Leftovers\n|upkeep\n|turn|18\n|\n|t:|1790531025\n|move|p2a: Heatran|Magma Storm|p1a: Initiation\n|-resisted|p1a: Initiation\n|-damage|p1a: Initiation|40/100\n|-activate|p1a: Initiation|move: Magma Storm|[of] p2a: Heatran\n|move|p1a: Initiation|Scald|p2a: Heatran\n|-supereffective|p2a: Heatran\n|-damage|p2a: Heatran|68/100\n|\n|-heal|p2a: Heatran|75/100|[from] item: Leftovers\n|-damage|p1a: Initiation|28/100|[from] move: Magma Storm|[partiallytrapped]\n|upkeep\n|turn|19\n|\n|t:|1790531031\n|switch|p1a: The Birds Pt. 2|Tornadus-Therian, M|100/100\n|move|p2a: Heatran|Magma Storm|p1a: The Birds Pt. 2\n|-damage|p1a: The Birds Pt. 2|53/100\n|-activate|p1a: The Birds Pt. 2|move: Magma Storm|[of] p2a: Heatran\n|\n|-heal|p2a: Heatran|81/100|[from] item: Leftovers\n|-damage|p1a: The Birds Pt. 2|41/100|[from] move: Magma Storm|[partiallytrapped]\n|upkeep\n|turn|20\n|\n|t:|1790531039\n|move|p1a: The Birds Pt. 2|Knock Off|p2a: Heatran\n|-damage|p2a: Heatran|62/100\n|-enditem|p2a: Heatran|Leftovers|[from] move: Knock Off|[of] p1a: The Birds Pt. 2\n|move|p2a: Heatran|Earth Power|p1a: The Birds Pt. 2\n|-immune|p1a: The Birds Pt. 2\n|\n|-damage|p1a: The Birds Pt. 2|28/100|[from] move: Magma Storm|[partiallytrapped]\n|upkeep\n|turn|21\n|\n|t:|1790531044\n|move|p1a: The Birds Pt. 2|U-turn|p2a: Heatran\n|-resisted|p2a: Heatran\n|-damage|p2a: Heatran|59/100\n|\n|t:|1790531048\n|switch|p1a: XO / The Host|Hippowdon, F|76/100|[from] U-turn\n|-damage|p1a: XO / The Host|70/100|[from] Stealth Rock\n|-weather|Sandstorm|[from] ability: Sand Stream|[of] p1a: XO / The Host\n|move|p2a: Heatran|Earth Power|p1a: XO / The Host\n|-damage|p1a: XO / The Host|52/100\n|\n|-weather|Sandstorm|[upkeep]\n|-heal|p1a: XO / The Host|58/100|[from] item: Leftovers\n|upkeep\n|turn|22\n|\n|t:|1790531057\n|move|p2a: Heatran|Magma Storm|p1a: XO / The Host\n|-damage|p1a: XO / The Host|28/100\n|-activate|p1a: XO / The Host|move: Magma Storm|[of] p2a: Heatran\n|move|p1a: XO / The Host|Earthquake|p2a: Heatran\n|-supereffective|p2a: Heatran\n|-damage|p2a: Heatran|0 fnt\n|faint|p2a: Heatran\n|\n|-weather|Sandstorm|[upkeep]\n|-heal|p1a: XO / The Host|34/100|[from] item: Leftovers\n|-end|p1a: XO / The Host|Magma Storm|[partiallytrapped]|[silent]\n|upkeep\n|\n|t:|1790531076\n|switch|p2a: Ferrothorn|Ferrothorn, F|100/100\n|-damage|p2a: Ferrothorn|88/100|[from] Spikes\n|turn|23\n|\n|t:|1790531099\n|move|p1a: XO / The Host|Slack Off|p1a: XO / The Host\n|-heal|p1a: XO / The Host|84/100\n|move|p2a: Ferrothorn|Spikes|p1a: XO / The Host\n|-sidestart|p1: 13th Nu|Spikes\n|\n|-weather|Sandstorm|[upkeep]\n|-heal|p1a: XO / The Host|90/100|[from] item: Leftovers\n|-heal|p2a: Ferrothorn|94/100|[from] item: Leftovers\n|upkeep\n|turn|24\n|j| winter 2025\n|\n|t:|1790531127\n|switch|p1a: Next|Skarmory, M|76/100\n|-damage|p1a: Next|64/100|[from] Stealth Rock\n|move|p2a: Ferrothorn|Knock Off|p1a: Next\n|-damage|p1a: Next|56/100\n|\n|-weather|Sandstorm|[upkeep]\n|-heal|p2a: Ferrothorn|100/100|[from] item: Leftovers\n|upkeep\n|turn|25\n|l| winter 2025\n|\n|t:|1790531134\n|move|p1a: Next|Roost|p1a: Next\n|-heal|p1a: Next|100/100\n|-singleturn|p1a: Next|move: Roost\n|move|p2a: Ferrothorn|Leech Seed|p1a: Next\n|-start|p1a: Next|move: Leech Seed\n|\n|-weather|none\n|-damage|p1a: Next|88/100|[from] Leech Seed|[of] p2a: Ferrothorn\n|upkeep\n|turn|26\n|\n|t:|1790531143\n|move|p1a: Next|Spikes|p2a: Ferrothorn\n|-sidestart|p2: Zygarde12|Spikes\n|move|p2a: Ferrothorn|Spikes|p1a: Next\n|-sidestart|p1: 13th Nu|Spikes\n|\n|-damage|p1a: Next|76/100|[from] Leech Seed|[of] p2a: Ferrothorn\n|upkeep\n|turn|27\n|\n|t:|1790531149\n|move|p1a: Next|Spikes|p2a: Ferrothorn\n|-sidestart|p2: Zygarde12|Spikes\n|move|p2a: Ferrothorn|Spikes|p1a: Next\n|-sidestart|p1: 13th Nu|Spikes\n|\n|-damage|p1a: Next|64/100|[from] Leech Seed|[of] p2a: Ferrothorn\n|upkeep\n|turn|28\n|\n|t:|1790531155\n|move|p1a: Next|Roost|p1a: Next\n|-heal|p1a: Next|100/100\n|-singleturn|p1a: Next|move: Roost\n|move|p2a: Ferrothorn|Knock Off|p1a: Next\n|-damage|p1a: Next|91/100\n|\n|-damage|p1a: Next|79/100|[from] Leech Seed|[of] p2a: Ferrothorn\n|upkeep\n|turn|29\n|\n|t:|1790531163\n|switch|p1a: The Knowing|Reuniclus, F|100/100\n|move|p2a: Ferrothorn|Knock Off|p1a: The Knowing\n|-supereffective|p1a: The Knowing\n|-enditem|p1a: The Knowing|Colbur Berry|[eat]\n|-enditem|p1a: The Knowing|Colbur Berry|[weaken]\n|-damage|p1a: The Knowing|85/100\n|\n|upkeep\n|turn|30\n|\n|t:|1790531172\n|switch|p2a: Landorus|Landorus-Therian, M|88/100 tox\n|-ability|p2a: Landorus|Intimidate|boost\n|-unboost|p1a: The Knowing|atk|1\n|move|p1a: The Knowing|Focus Blast|p2a: Landorus|[miss]\n|-miss|p1a: The Knowing|p2a: Landorus\n|\n|-heal|p2a: Landorus|94/100 tox|[from] item: Leftovers\n|-damage|p2a: Landorus|88/100 tox|[from] psn\n|upkeep\n|turn|31\n|\n|t:|1790531182\n|move|p2a: Landorus|Earthquake|p1a: The Knowing\n|-damage|p1a: The Knowing|50/100\n|move|p1a: The Knowing|Recover|p1a: The Knowing\n|-heal|p1a: The Knowing|99/100\n|\n|-heal|p2a: Landorus|94/100 tox|[from] item: Leftovers\n|-damage|p2a: Landorus|82/100 tox|[from] psn\n|upkeep\n|turn|32\n|\n|t:|1790531186\n|move|p2a: Landorus|U-turn|p1a: The Knowing\n|-supereffective|p1a: The Knowing\n|-damage|p1a: The Knowing|67/100\n|\n|t:|1790531190\n|switch|p2a: Tapu Koko|Tapu Koko|94/100|[from] U-turn\n|-fieldstart|move: Electric Terrain|[from] ability: Electric Surge|[of] p2a: Tapu Koko\n|move|p1a: The Knowing|Calm Mind|p1a: The Knowing\n|-boost|p1a: The Knowing|spa|1\n|-boost|p1a: The Knowing|spd|1\n|\n|upkeep\n|turn|33\n|l|\u2606Zygarde12\n|player|p2|\n|j|\u2606Zygarde12\n|player|p2|Zygarde12|#adpl9|\n|n|\u2606Zygarde12|zygarde12\n|\n|t:|1790531219\n|move|p2a: Tapu Koko|Thunderbolt|p1a: The Knowing\n|-damage|p1a: The Knowing|38/100\n|move|p1a: The Knowing|Recover|p1a: The Knowing\n|-heal|p1a: The Knowing|88/100\n|\n|upkeep\n|turn|34\n|\n|t:|1790531224\n|move|p2a: Tapu Koko|U-turn|p1a: The Knowing\n|-supereffective|p1a: The Knowing\n|-damage|p1a: The Knowing|64/100\n|\n|t:|1790531227\n|switch|p2a: Dragonite|Dragonite, F|100/100|[from] U-turn\n|move|p1a: The Knowing|Psyshock|p2a: Dragonite\n|-damage|p2a: Dragonite|79/100\n|\n|upkeep\n|turn|35\n|\n|t:|1790531235\n|move|p2a: Dragonite|Dragon Dance|p2a: Dragonite\n|-boost|p2a: Dragonite|atk|1\n|-boost|p2a: Dragonite|spe|1\n|move|p1a: The Knowing|Psyshock|p2a: Dragonite\n|-damage|p2a: Dragonite|38/100\n|\n|upkeep\n|turn|36\n|\n|t:|1790531239\n|move|p2a: Dragonite|Roost|p2a: Dragonite\n|-heal|p2a: Dragonite|88/100\n|-singleturn|p2a: Dragonite|move: Roost\n|move|p1a: The Knowing|Calm Mind|p1a: The Knowing\n|-boost|p1a: The Knowing|spa|1\n|-boost|p1a: The Knowing|spd|1\n|\n|-fieldend|move: Electric Terrain\n|upkeep\n|turn|37\n|\n|t:|1790531244\n|move|p2a: Dragonite|Earthquake|p1a: The Knowing\n|-damage|p1a: The Knowing|25/100\n|move|p1a: The Knowing|Psyshock|p2a: Dragonite\n|-damage|p2a: Dragonite|29/100\n|\n|upkeep\n|turn|38\n|\n|t:|1790531252\n|move|p2a: Dragonite|Ice Punch|p1a: The Knowing\n|-damage|p1a: The Knowing|0 fnt\n|faint|p1a: The Knowing\n|\n|upkeep\n|\n|t:|1790531264\n|switch|p1a: Next|Skarmory, M|79/100\n|-damage|p1a: Next|67/100|[from] Stealth Rock\n|turn|39\n|\n|t:|1790531273\n|move|p2a: Dragonite|Roost|p2a: Dragonite\n|-heal|p2a: Dragonite|79/100\n|-singleturn|p2a: Dragonite|move: Roost\n|move|p1a: Next|Roost|p1a: Next\n|-heal|p1a: Next|100/100\n|-singleturn|p1a: Next|move: Roost\n|\n|upkeep\n|turn|40\n|\n|t:|1790531281\n|move|p2a: Dragonite|Roost|p2a: Dragonite\n|-heal|p2a: Dragonite|100/100\n|-singleturn|p2a: Dragonite|move: Roost\n|move|p1a: Next|Body Press|p2a: Dragonite\n|-damage|p2a: Dragonite|87/100\n|\n|upkeep\n|turn|41\n|\n|t:|1790531288\n|move|p2a: Dragonite|Ice Punch|p1a: Next\n|-damage|p1a: Next|76/100\n|move|p1a: Next|Body Press|p2a: Dragonite\n|-resisted|p2a: Dragonite\n|-damage|p2a: Dragonite|72/100\n|\n|upkeep\n|turn|42\n|\n|t:|1790531294\n|move|p2a: Dragonite|Dragon Dance|p2a: Dragonite\n|-boost|p2a: Dragonite|atk|1\n|-boost|p2a: Dragonite|spe|1\n|move|p1a: Next|Roost|p1a: Next\n|-heal|p1a: Next|100/100\n|-singleturn|p1a: Next|move: Roost\n|\n|upkeep\n|turn|43\n|\n|t:|1790531299\n|move|p2a: Dragonite|Ice Punch|p1a: Next\n|-damage|p1a: Next|71/100\n|move|p1a: Next|Iron Defense|p1a: Next\n|-boost|p1a: Next|def|2\n|\n|upkeep\n|turn|44\n|\n|t:|1790531304\n|move|p2a: Dragonite|Ice Punch|p1a: Next\n|-crit|p1a: Next\n|-damage|p1a: Next|29/100\n|move|p1a: Next|Roost|p1a: Next\n|-heal|p1a: Next|79/100\n|-singleturn|p1a: Next|move: Roost\n|\n|upkeep\n|turn|45\n|\n|t:|1790531310\n|move|p2a: Dragonite|Dragon Dance|p2a: Dragonite\n|-boost|p2a: Dragonite|atk|1\n|-boost|p2a: Dragonite|spe|1\n|move|p1a: Next|Iron Defense|p1a: Next\n|-boost|p1a: Next|def|2\n|\n|upkeep\n|turn|46\n|\n|t:|1790531314\n|move|p2a: Dragonite|Ice Punch|p1a: Next\n|-damage|p1a: Next|66/100\n|move|p1a: Next|Body Press|p2a: Dragonite\n|-resisted|p2a: Dragonite\n|-damage|p2a: Dragonite|33/100\n|\n|upkeep\n|turn|47\n|\n|t:|1790531321\n|move|p2a: Dragonite|Ice Punch|p1a: Next\n|-damage|p1a: Next|54/100\n|move|p1a: Next|Roost|p1a: Next\n|-heal|p1a: Next|100/100\n|-singleturn|p1a: Next|move: Roost\n|\n|upkeep\n|turn|48\n|\n|t:|1790531324\n|move|p2a: Dragonite|Ice Punch|p1a: Next\n|-damage|p1a: Next|89/100\n|move|p1a: Next|Iron Defense|p1a: Next\n|-boost|p1a: Next|def|2\n|\n|upkeep\n|turn|49\n|\n|t:|1790531333\n|switch|p2a: Ferrothorn|Ferrothorn, F|100/100\n|-damage|p2a: Ferrothorn|75/100|[from] Spikes\n|move|p1a: Next|Body Press|p2a: Ferrothorn\n|-supereffective|p2a: Ferrothorn\n|-damage|p2a: Ferrothorn|0 fnt\n|-damage|p1a: Next|76/100|[from] ability: Iron Barbs|[of] p2a: Ferrothorn\n|faint|p2a: Ferrothorn\n|\n|upkeep\n|\n|t:|1790531335\n|switch|p2a: Tapu Koko|Tapu Koko|94/100\n|-fieldstart|move: Electric Terrain|[from] ability: Electric Surge|[of] p2a: Tapu Koko\n|turn|50\n|\n|t:|1790531351\n|switch|p1a: XO / The Host|Hippowdon, F|90/100\n|-damage|p1a: XO / The Host|84/100|[from] Stealth Rock\n|-damage|p1a: XO / The Host|59/100|[from] Spikes\n|-weather|Sandstorm|[from] ability: Sand Stream|[of] p1a: XO / The Host\n|move|p2a: Tapu Koko|Thunderbolt|p1a: XO / The Host\n|-immune|p1a: XO / The Host\n|\n|-weather|Sandstorm|[upkeep]\n|-damage|p2a: Tapu Koko|88/100|[from] Sandstorm\n|-heal|p1a: XO / The Host|66/100|[from] item: Leftovers\n|upkeep\n|turn|51\n|j| good time 2025\n|l| good time 2025\n|\n|t:|1790531362\n|move|p2a: Tapu Koko|U-turn|p1a: XO / The Host\n|-damage|p1a: XO / The Host|53/100\n|\n|t:|1790531365\n|switch|p2a: Landorus|Landorus-Therian, M|82/100 tox|[from] U-turn\n|-ability|p2a: Landorus|Intimidate|boost\n|-unboost|p1a: XO / The Host|atk|1\n|move|p1a: XO / The Host|Slack Off|p1a: XO / The Host\n|-heal|p1a: XO / The Host|100/100\n|\n|-weather|Sandstorm|[upkeep]\n|-heal|p2a: Landorus|88/100 tox|[from] item: Leftovers\n|-damage|p2a: Landorus|82/100 tox|[from] psn\n|upkeep\n|turn|52\n|\n|t:|1790531373\n|switch|p1a: The Birds Pt. 2|Tornadus-Therian, M|61/100\n|move|p2a: Landorus|Toxic|p1a: The Birds Pt. 2\n|-status|p1a: The Birds Pt. 2|tox\n|\n|-weather|Sandstorm|[upkeep]\n|-damage|p1a: The Birds Pt. 2|55/100 tox|[from] Sandstorm\n|-heal|p2a: Landorus|88/100 tox|[from] item: Leftovers\n|-damage|p1a: The Birds Pt. 2|49/100 tox|[from] psn\n|-damage|p2a: Landorus|76/100 tox|[from] psn\n|upkeep\n|turn|53\n|\n|t:|1790531383\n|move|p1a: The Birds Pt. 2|Knock Off|p2a: Landorus\n|-damage|p2a: Landorus|58/100 tox\n|-enditem|p2a: Landorus|Leftovers|[from] move: Knock Off|[of] p1a: The Birds Pt. 2\n|move|p2a: Landorus|U-turn|p1a: The Birds Pt. 2\n|-resisted|p1a: The Birds Pt. 2\n|-damage|p1a: The Birds Pt. 2|37/100 tox\n|\n|t:|1790531389\n|switch|p2a: Dragonite|Dragonite, F|33/100|[from] U-turn\n|\n|-weather|Sandstorm|[upkeep]\n|-damage|p1a: The Birds Pt. 2|31/100 tox|[from] Sandstorm\n|-damage|p2a: Dragonite|26/100|[from] Sandstorm\n|-damage|p1a: The Birds Pt. 2|19/100 tox|[from] psn\n|upkeep\n|turn|54\n|\n|t:|1790531399\n|move|p1a: The Birds Pt. 2|Hurricane|p2a: Dragonite|[miss]\n|-miss|p1a: The Birds Pt. 2|p2a: Dragonite\n|move|p2a: Dragonite|Roost|p2a: Dragonite\n|-heal|p2a: Dragonite|77/100\n|-singleturn|p2a: Dragonite|move: Roost\n|\n|-weather|none\n|-damage|p1a: The Birds Pt. 2|0 fnt|[from] psn\n|faint|p1a: The Birds Pt. 2\n|-fieldend|move: Electric Terrain\n|upkeep\n|\n|t:|1790531403\n|switch|p1a: Same Old Song|Tapu Koko|100/100\n|-fieldstart|move: Electric Terrain|[from] ability: Electric Surge|[of] p1a: Same Old Song\n|turn|55\n|\n|t:|1790531419\n|switch|p2a: Tapu Koko|Tapu Koko|88/100\n|move|p1a: Same Old Song|Dazzling Gleam|p2a: Tapu Koko\n|-damage|p2a: Tapu Koko|43/100\n|\n|upkeep\n|turn|56\n|\n|t:|1790531426\n|move|p1a: Same Old Song|Calm Mind|p1a: Same Old Song\n|-boost|p1a: Same Old Song|spa|1\n|-boost|p1a: Same Old Song|spd|1\n|move|p2a: Tapu Koko|Roost|p2a: Tapu Koko\n|-heal|p2a: Tapu Koko|93/100\n|-singleturn|p2a: Tapu Koko|move: Roost\n|\n|upkeep\n|turn|57\n|\n|t:|1790531431\n|move|p1a: Same Old Song|Dazzling Gleam|p2a: Tapu Koko\n|-damage|p2a: Tapu Koko|25/100\n|move|p2a: Tapu Koko|U-turn|p1a: Same Old Song\n|-resisted|p1a: Same Old Song\n|-damage|p1a: Same Old Song|89/100\n|\n|t:|1790531433\n|switch|p2a: Landorus|Landorus-Therian, M|58/100 tox|[from] U-turn\n|-ability|p2a: Landorus|Intimidate|boost\n|-unboost|p1a: Same Old Song|atk|1\n|\n|-damage|p2a: Landorus|52/100 tox|[from] psn\n|upkeep\n|turn|58\n|\n|t:|1790531441\n|switch|p1a: Next|Skarmory, M|76/100\n|-damage|p1a: Next|64/100|[from] Stealth Rock\n|move|p2a: Landorus|Earthquake|p1a: Next\n|-immune|p1a: Next\n|\n|-damage|p2a: Landorus|40/100 tox|[from] psn\n|upkeep\n|turn|59\n|\n|t:|1790531448\n|move|p2a: Landorus|U-turn|p1a: Next\n|-resisted|p1a: Next\n|-damage|p1a: Next|61/100\n|\n|t:|1790531452\n|switch|p2a: Tapu Koko|Tapu Koko|25/100|[from] U-turn\n|move|p1a: Next|Roost|p1a: Next\n|-heal|p1a: Next|100/100\n|-singleturn|p1a: Next|move: Roost\n|\n|-fieldend|move: Electric Terrain\n|upkeep\n|turn|60\n|\n|t:|1790531460\n|switch|p1a: XO / The Host|Hippowdon, F|100/100\n|-damage|p1a: XO / The Host|94/100|[from] Stealth Rock\n|-damage|p1a: XO / The Host|69/100|[from] Spikes\n|-weather|Sandstorm|[from] ability: Sand Stream|[of] p1a: XO / The Host\n|move|p2a: Tapu Koko|Roost|p2a: Tapu Koko\n|-heal|p2a: Tapu Koko|75/100\n|-singleturn|p2a: Tapu Koko|move: Roost\n|\n|-weather|Sandstorm|[upkeep]\n|-damage|p2a: Tapu Koko|69/100|[from] Sandstorm\n|-heal|p1a: XO / The Host|76/100|[from] item: Leftovers\n|upkeep\n|turn|61\n|\n|t:|1790531469\n|move|p2a: Tapu Koko|U-turn|p1a: XO / The Host\n|-crit|p1a: XO / The Host\n|-damage|p1a: XO / The Host|58/100\n|\n|t:|1790531474\n|switch|p2a: Landorus|Landorus-Therian, M|40/100 tox|[from] U-turn\n|-ability|p2a: Landorus|Intimidate|boost\n|-unboost|p1a: XO / The Host|atk|1\n|move|p1a: XO / The Host|Stealth Rock|p2a: Landorus\n|-sidestart|p2: Zygarde12|move: Stealth Rock\n|\n|-weather|Sandstorm|[upkeep]\n|-heal|p1a: XO / The Host|65/100|[from] item: Leftovers\n|-damage|p2a: Landorus|33/100 tox|[from] psn\n|upkeep\n|turn|62\n|\n|t:|1790531487\n|move|p2a: Landorus|Toxic|p1a: XO / The Host\n|-status|p1a: XO / The Host|tox\n|move|p1a: XO / The Host|Slack Off|p1a: XO / The Host\n|-heal|p1a: XO / The Host|100/100 tox\n|\n|-weather|Sandstorm|[upkeep]\n|-damage|p2a: Landorus|21/100 tox|[from] psn\n|-damage|p1a: XO / The Host|94/100 tox|[from] psn\n|upkeep\n|turn|63\n|\n|t:|1790531500\n|move|p2a: Landorus|Earthquake|p1a: XO / The Host\n|-damage|p1a: XO / The Host|60/100 tox\n|move|p1a: XO / The Host|Slack Off|p1a: XO / The Host\n|-heal|p1a: XO / The Host|100/100 tox\n|\n|-weather|Sandstorm|[upkeep]\n|-damage|p2a: Landorus|3/100 tox|[from] psn\n|-damage|p1a: XO / The Host|88/100 tox|[from] psn\n|upkeep\n|turn|64\n|\n|t:|1790531507\n|switch|p1a: Next|Skarmory, M|100/100\n|-damage|p1a: Next|88/100|[from] Stealth Rock\n|move|p2a: Landorus|Earthquake|p1a: Next\n|-immune|p1a: Next\n|\n|-weather|none\n|-damage|p2a: Landorus|0 fnt|[from] psn\n|faint|p2a: Landorus\n|upkeep\n|\n|t:|1790531510\n|switch|p2a: Tapu Koko|Tapu Koko|69/100\n|-fieldstart|move: Electric Terrain|[from] ability: Electric Surge|[of] p2a: Tapu Koko\n|turn|65\n|\n|t:|1790531526\n|switch|p1a: XO / The Host|Hippowdon, F|88/100 tox\n|-damage|p1a: XO / The Host|82/100 tox|[from] Stealth Rock\n|-damage|p1a: XO / The Host|57/100 tox|[from] Spikes\n|-weather|Sandstorm|[from] ability: Sand Stream|[of] p1a: XO / The Host\n|move|p2a: Tapu Koko|Dazzling Gleam|p1a: XO / The Host\n|-damage|p1a: XO / The Host|33/100 tox\n|\n|-weather|Sandstorm|[upkeep]\n|-damage|p2a: Tapu Koko|63/100|[from] Sandstorm\n|-heal|p1a: XO / The Host|39/100 tox|[from] item: Leftovers\n|-damage|p1a: XO / The Host|33/100 tox|[from] psn\n|upkeep\n|turn|66\n|\n|t:|1790531540\n|move|p2a: Tapu Koko|U-turn|p1a: XO / The Host\n|-damage|p1a: XO / The Host|21/100 tox\n|\n|t:|1790531542\n|switch|p2a: Dragonite|Dragonite, F|77/100|[from] U-turn\n|move|p1a: XO / The Host|Toxic|p2a: Dragonite\n|-status|p2a: Dragonite|tox\n|\n|-weather|Sandstorm|[upkeep]\n|-damage|p2a: Dragonite|70/100 tox|[from] Sandstorm\n|-heal|p1a: XO / The Host|27/100 tox|[from] item: Leftovers\n|-damage|p2a: Dragonite|64/100 tox|[from] psn\n|-damage|p1a: XO / The Host|15/100 tox|[from] psn\n|upkeep\n|turn|67\n|\n|t:|1790531548\n|move|p2a: Dragonite|Dragon Dance|p2a: Dragonite\n|-boost|p2a: Dragonite|atk|1\n|-boost|p2a: Dragonite|spe|1\n|move|p1a: XO / The Host|Slack Off|p1a: XO / The Host\n|-heal|p1a: XO / The Host|65/100 tox\n|\n|-weather|Sandstorm|[upkeep]\n|-damage|p2a: Dragonite|58/100 tox|[from] Sandstorm\n|-heal|p1a: XO / The Host|71/100 tox|[from] item: Leftovers\n|-damage|p2a: Dragonite|45/100 tox|[from] psn\n|-damage|p1a: XO / The Host|52/100 tox|[from] psn\n|upkeep\n|turn|68\n|\n|t:|1790531553\n|switch|p1a: Next|Skarmory, M|88/100\n|-damage|p1a: Next|76/100|[from] Stealth Rock\n|move|p2a: Dragonite|Ice Punch|p1a: Next\n|-damage|p1a: Next|54/100\n|\n|-weather|Sandstorm|[upkeep]\n|-damage|p2a: Dragonite|39/100 tox|[from] Sandstorm\n|-damage|p2a: Dragonite|20/100 tox|[from] psn\n|upkeep\n|turn|69\n|-message|Zygarde12 forfeited.\n|\n|win|13th Nu\n|c|\u260613th Nu|gg\n|c|\u2606Zygarde12|gg\n|l|\u2606Zygarde12\n|player|p2|\n", "uploadtime": 1790531563, "views": "51", "formatid": "gen8ou", "rating": null, "private": 0, "password": null}