{"id": "gen8ou-2692365362", "format": "[Gen 8] OU", "players": ["NinjaCaro", "sussaix"], "log": "|j|\u2606NinjaCaro\n|j|\u2606sussaix\n|inactive|Battle timer is ON: inactive players will automatically lose when time's up.\n|t:|1791063287\n|gametype|singles\n|player|p1|NinjaCaro|#lcplxv|\n|player|p2|sussaix|lady|\n|gen|8\n|tier|[Gen 8] OU\n|rated|Tournament battle\n|rule|HP Percentage Mod: HP is shown in percentages\n|rule|Endless Battle Clause: Forcing endless battles is banned\n|rule|Sleep Clause Mod: Limit one foe put to sleep\n|rule|Species Clause: Limit one of each Pok\u00e9mon\n|rule|OHKO Clause: OHKO moves are banned\n|rule|Evasion Items Clause: Evasion items are banned\n|rule|Evasion Moves Clause: Evasion moves are banned\n|rule|Dynamax Clause: You cannot dynamax\n|clearpoke\n|poke|p1|Tornadus-Therian, M|\n|poke|p1|Slowbro, F|\n|poke|p1|Excadrill, M|\n|poke|p1|Ferrothorn, F|\n|poke|p1|Tyranitar, F|\n|poke|p1|Nidoking, M|\n|poke|p2|Rillaboom, F|\n|poke|p2|Garchomp, M|\n|poke|p2|Heatran, F|\n|poke|p2|Tornadus-Therian, M|\n|poke|p2|Rotom-Wash|\n|poke|p2|Clefable, M|\n|teampreview\n|inactive|NinjaCaro also wants the timer to be on.\n|c|\u2606NinjaCaro|u2\n|c|\u2606sussaix|hf\n|j| mipc\n|\n|t:|1791063308\n|teamsize|p1|6\n|teamsize|p2|6\n|start\n|switch|p1a: Tornadus|Tornadus-Therian, M|100/100\n|switch|p2a: Rotom|Rotom-Wash|100/100\n|turn|1\n|\n|t:|1791063319\n|move|p1a: Tornadus|Toxic|p2a: Rotom\n|-status|p2a: Rotom|tox\n|move|p2a: Rotom|Discharge|p1a: Tornadus\n|-supereffective|p1a: Tornadus\n|-damage|p1a: Tornadus|45/100\n|-status|p1a: Tornadus|par\n|\n|-damage|p2a: Rotom|94/100 tox|[from] psn\n|upkeep\n|turn|2\n|\n|t:|1791063326\n|switch|p2a: Heatran|Heatran, F|100/100\n|switch|p1a: Ferrothorn|Ferrothorn, F|100/100\n|\n|upkeep\n|turn|3\n|\n|t:|1791063331\n|switch|p1a: Tyranitar|Tyranitar, F|100/100\n|-weather|Sandstorm|[from] ability: Sand Stream|[of] p1a: Tyranitar\n|move|p2a: Heatran|Magma Storm|p1a: Tyranitar|[miss]\n|-miss|p2a: Heatran|p1a: Tyranitar\n|\n|-weather|Sandstorm|[upkeep]\n|upkeep\n|turn|4\n|\n|t:|1791063337\n|switch|p2a: Hydr6c0don$|Garchomp, M|100/100\n|move|p1a: Tyranitar|Stealth Rock|p2a: Hydr6c0don$\n|-sidestart|p2: sussaix|move: Stealth Rock\n|\n|-weather|Sandstorm|[upkeep]\n|upkeep\n|turn|5\n|\n|t:|1791063346\n|switch|p1a: Slowbro|Slowbro, F|100/100\n|move|p2a: Hydr6c0don$|Earthquake|p1a: Slowbro\n|-damage|p1a: Slowbro|72/100\n|\n|-weather|Sandstorm|[upkeep]\n|-damage|p1a: Slowbro|66/100|[from] Sandstorm\n|upkeep\n|turn|6\n|\n|t:|1791063355\n|switch|p2a: Rillaboom|Rillaboom, F|100/100\n|-damage|p2a: Rillaboom|88/100|[from] Stealth Rock\n|-fieldstart|move: Grassy Terrain|[from] ability: Grassy Surge|[of] p2a: Rillaboom\n|move|p1a: Slowbro|Future Sight|p2a: Rillaboom\n|-start|p1a: Slowbro|move: Future Sight\n|\n|-weather|Sandstorm|[upkeep]\n|-damage|p2a: Rillaboom|82/100|[from] Sandstorm\n|-damage|p1a: Slowbro|60/100|[from] Sandstorm\n|-heal|p2a: Rillaboom|88/100|[from] Grassy Terrain\n|-heal|p1a: Slowbro|66/100|[from] Grassy Terrain\n|upkeep\n|turn|7\n|\n|t:|1791063359\n|switch|p1a: Ferrothorn|Ferrothorn, F|100/100\n|move|p2a: Rillaboom|Knock Off|p1a: Ferrothorn\n|-damage|p1a: Ferrothorn|72/100\n|-damage|p2a: Rillaboom|76/100|[from] ability: Iron Barbs|[of] p1a: Ferrothorn\n|-enditem|p1a: Ferrothorn|Leftovers|[from] move: Knock Off|[of] p2a: Rillaboom\n|-damage|p2a: Rillaboom|66/100|[from] item: Life Orb\n|\n|-weather|none\n|-heal|p2a: Rillaboom|72/100|[from] Grassy Terrain\n|-heal|p1a: Ferrothorn|78/100|[from] Grassy Terrain\n|upkeep\n|turn|8\n|\n|t:|1791063374\n|move|p2a: Rillaboom|Superpower|p1a: Ferrothorn\n|-supereffective|p1a: Ferrothorn\n|-damage|p1a: Ferrothorn|8/100\n|-unboost|p2a: Rillaboom|atk|1\n|-unboost|p2a: Rillaboom|def|1\n|-damage|p2a: Rillaboom|60/100|[from] ability: Iron Barbs|[of] p1a: Ferrothorn\n|-damage|p2a: Rillaboom|50/100|[from] item: Life Orb\n|move|p1a: Ferrothorn|Spikes|p2a: Rillaboom\n|-sidestart|p2: sussaix|Spikes\n|\n|-end|p2a: Rillaboom|move: Future Sight\n|-damage|p2a: Rillaboom|0 fnt\n|faint|p2a: Rillaboom\n|-heal|p1a: Ferrothorn|14/100|[from] Grassy Terrain\n|upkeep\n|\n|t:|1791063381\n|switch|p2a: Tornadus|Tornadus-Therian, M|100/100\n|turn|9\n|\n|t:|1791063386\n|switch|p1a: Tyranitar|Tyranitar, F|100/100\n|-weather|Sandstorm|[from] ability: Sand Stream|[of] p1a: Tyranitar\n|move|p2a: Tornadus|Defog|p1a: Tyranitar\n|-unboost|p1a: Tyranitar|evasion|1\n|-sideend|p2: sussaix|Spikes|[from] move: Defog|[of] p2a: Tornadus\n|-sideend|p2: sussaix|Stealth Rock|[from] move: Defog|[of] p2a: Tornadus\n|-fieldend|move: Grassy Terrain\n|\n|-weather|Sandstorm|[upkeep]\n|-damage|p2a: Tornadus|94/100|[from] Sandstorm\n|upkeep\n|turn|10\n|\n|t:|1791063393\n|move|p2a: Tornadus|U-turn|p1a: Tyranitar\n|-supereffective|p1a: Tyranitar\n|-damage|p1a: Tyranitar|77/100\n|\n|t:|1791063395\n|switch|p2a: Hydr6c0don$|Garchomp, M|100/100|[from] U-turn\n|move|p1a: Tyranitar|Stealth Rock|p2a: Hydr6c0don$\n|-sidestart|p2: sussaix|move: Stealth Rock\n|\n|-weather|Sandstorm|[upkeep]\n|-heal|p1a: Tyranitar|83/100|[from] item: Leftovers\n|upkeep\n|turn|11\n|\n|t:|1791063399\n|switch|p1a: Slowbro|Slowbro, F|99/100\n|move|p2a: Hydr6c0don$|Swords Dance|p2a: Hydr6c0don$\n|-boost|p2a: Hydr6c0don$|atk|2\n|\n|-weather|Sandstorm|[upkeep]\n|-damage|p1a: Slowbro|93/100|[from] Sandstorm\n|upkeep\n|turn|12\n|\n|t:|1791063403\n|move|p2a: Hydr6c0don$|Earthquake|p1a: Slowbro\n|-damage|p1a: Slowbro|33/100\n|move|p1a: Slowbro|Ice Beam|p2a: Hydr6c0don$\n|-supereffective|p2a: Hydr6c0don$\n|-damage|p2a: Hydr6c0don$|24/100\n|\n|-weather|Sandstorm|[upkeep]\n|-damage|p1a: Slowbro|27/100|[from] Sandstorm\n|-heal|p2a: Hydr6c0don$|30/100|[from] item: Leftovers\n|upkeep\n|turn|13\n|\n|t:|1791063406\n|switch|p1a: Ferrothorn|Ferrothorn, F|14/100\n|move|p2a: Hydr6c0don$|Scale Shot|p1a: Ferrothorn\n|-resisted|p1a: Ferrothorn\n|-damage|p1a: Ferrothorn|6/100\n|-resisted|p1a: Ferrothorn\n|-damage|p1a: Ferrothorn|0 fnt\n|faint|p1a: Ferrothorn\n|-hitcount|p1: Ferrothorn|2\n|-unboost|p2a: Hydr6c0don$|def|1\n|-boost|p2a: Hydr6c0don$|spe|1\n|\n|-weather|none\n|-heal|p2a: Hydr6c0don$|36/100|[from] item: Leftovers\n|upkeep\n|\n|t:|1791063416\n|switch|p1a: Slowbro|Slowbro, F|61/100\n|turn|14\n|inactive|NinjaCaro has 120 seconds left.\n|\n|t:|1791063447\n|switch|p1a: Tyranitar|Tyranitar, F|83/100\n|-weather|Sandstorm|[from] ability: Sand Stream|[of] p1a: Tyranitar\n|move|p2a: Hydr6c0don$|Scale Shot|p1a: Tyranitar\n|-damage|p1a: Tyranitar|64/100\n|-damage|p1a: Tyranitar|44/100\n|-hitcount|p1a: Tyranitar|2\n|-unboost|p2a: Hydr6c0don$|def|1\n|-boost|p2a: Hydr6c0don$|spe|1\n|\n|-weather|Sandstorm|[upkeep]\n|-heal|p2a: Hydr6c0don$|42/100|[from] item: Leftovers\n|-heal|p1a: Tyranitar|50/100|[from] item: Leftovers\n|upkeep\n|turn|15\n|inactive|NinjaCaro has 120 seconds left.\n|inactive|NinjaCaro has 90 seconds left.\n|\n|t:|1791063492\n|switch|p1a: Tornadus|Tornadus-Therian, M|78/100 par\n|move|p2a: Hydr6c0don$|Earthquake|p1a: Tornadus\n|-immune|p1a: Tornadus\n|\n|-weather|Sandstorm|[upkeep]\n|-damage|p1a: Tornadus|72/100 par|[from] Sandstorm\n|-heal|p2a: Hydr6c0don$|49/100|[from] item: Leftovers\n|upkeep\n|turn|16\n|\n|t:|1791063503\n|move|p2a: Hydr6c0don$|Scale Shot|p1a: Tornadus\n|-damage|p1a: Tornadus|47/100 par\n|-damage|p1a: Tornadus|23/100 par\n|-damage|p1a: Tornadus|0 fnt\n|faint|p1a: Tornadus\n|-hitcount|p1: Tornadus|3\n|-unboost|p2a: Hydr6c0don$|def|1\n|-boost|p2a: Hydr6c0don$|spe|1\n|\n|-weather|Sandstorm|[upkeep]\n|-heal|p2a: Hydr6c0don$|55/100|[from] item: Leftovers\n|upkeep\n|\n|t:|1791063505\n|switch|p1a: Slowbro|Slowbro, F|94/100\n|turn|17\n|\n|t:|1791063508\n|move|p2a: Hydr6c0don$|Protect|p2a: Hydr6c0don$\n|-singleturn|p2a: Hydr6c0don$|Protect\n|move|p1a: Slowbro|Ice Beam|p2a: Hydr6c0don$\n|-activate|p2a: Hydr6c0don$|move: Protect\n|\n|-weather|Sandstorm|[upkeep]\n|-damage|p1a: Slowbro|88/100|[from] Sandstorm\n|-heal|p2a: Hydr6c0don$|61/100|[from] item: Leftovers\n|upkeep\n|turn|18\n|\n|t:|1791063515\n|switch|p2a: Tornadus|Tornadus-Therian, M|100/100\n|move|p1a: Slowbro|Ice Beam|p2a: Tornadus\n|-supereffective|p2a: Tornadus\n|-damage|p2a: Tornadus|57/100\n|\n|-weather|none\n|upkeep\n|turn|19\n|\n|t:|1791063518\n|move|p2a: Tornadus|Defog|p1a: Slowbro\n|-unboost|p1a: Slowbro|evasion|1\n|-sideend|p2: sussaix|Stealth Rock|[from] move: Defog|[of] p2a: Tornadus\n|move|p1a: Slowbro|Future Sight|p2a: Tornadus\n|-start|p1a: Slowbro|move: Future Sight\n|\n|upkeep\n|turn|20\n|\n|t:|1791063524\n|move|p2a: Tornadus|Hurricane|p1a: Slowbro\n|-damage|p1a: Slowbro|49/100\n|-start|p1a: Slowbro|confusion\n|-activate|p1a: Slowbro|confusion\n|move|p1a: Slowbro|Teleport|p1a: Slowbro\n|\n|t:|1791063528\n|switch|p1a: Nidoking|Nidoking, M|100/100|[from] Teleport\n|\n|upkeep\n|turn|21\n|\n|t:|1791063536\n|move|p2a: Tornadus|U-turn|p1a: Nidoking\n|-resisted|p1a: Nidoking\n|-damage|p1a: Nidoking|91/100\n|\n|t:|1791063540\n|switch|p2a: Heatran|Heatran, F|100/100|[from] U-turn\n|move|p1a: Nidoking|Earth Power|p2a: Heatran\n|-supereffective|p2a: Heatran\n|-damage|p2a: Heatran|0 fnt\n|faint|p2a: Heatran\n|\n|-hint|Future Sight did not hit because the target is fainted.\n|upkeep\n|\n|t:|1791063542\n|switch|p2a: Rotom|Rotom-Wash|94/100 tox\n|turn|22\n|\n|t:|1791063550\n|switch|p1a: Slowbro|Slowbro, F|82/100\n|move|p2a: Rotom|Nasty Plot|p2a: Rotom\n|-boost|p2a: Rotom|spa|2\n|\n|-heal|p2a: Rotom|100/100 tox|[from] item: Leftovers\n|-damage|p2a: Rotom|94/100 tox|[from] psn\n|upkeep\n|turn|23\n|\n|t:|1791063558\n|switch|p1a: Tyranitar|Tyranitar, F|50/100\n|-weather|Sandstorm|[from] ability: Sand Stream|[of] p1a: Tyranitar\n|move|p2a: Rotom|Hydro Pump|p1a: Tyranitar\n|-supereffective|p1a: Tyranitar\n|-damage|p1a: Tyranitar|0 fnt\n|faint|p1a: Tyranitar\n|\n|-weather|Sandstorm|[upkeep]\n|-damage|p2a: Rotom|88/100 tox|[from] Sandstorm\n|-heal|p2a: Rotom|94/100 tox|[from] item: Leftovers\n|-damage|p2a: Rotom|82/100 tox|[from] psn\n|upkeep\n|\n|t:|1791063561\n|switch|p1a: Nidoking|Nidoking, M|91/100\n|turn|24\n|\n|t:|1791063565\n|move|p2a: Rotom|Hydro Pump|p1a: Nidoking\n|-supereffective|p1a: Nidoking\n|-damage|p1a: Nidoking|0 fnt\n|faint|p1a: Nidoking\n|\n|-weather|Sandstorm|[upkeep]\n|-damage|p2a: Rotom|75/100 tox|[from] Sandstorm\n|-heal|p2a: Rotom|82/100 tox|[from] item: Leftovers\n|-damage|p2a: Rotom|63/100 tox|[from] psn\n|upkeep\n|\n|t:|1791063570\n|switch|p1a: Excadrill|Excadrill, M|100/100\n|turn|25\n|j| AmoMeuPaieMinhaMae\n|\n|t:|1791063573\n|move|p1a: Excadrill|Iron Head|p2a: Rotom\n|-resisted|p2a: Rotom\n|-damage|p2a: Rotom|51/100 tox\n|move|p2a: Rotom|Hydro Pump|p1a: Excadrill|[miss]\n|-miss|p2a: Rotom|p1a: Excadrill\n|\n|-weather|Sandstorm|[upkeep]\n|-damage|p2a: Rotom|45/100 tox|[from] Sandstorm\n|-heal|p2a: Rotom|51/100 tox|[from] item: Leftovers\n|-damage|p2a: Rotom|26/100 tox|[from] psn\n|upkeep\n|turn|26\n|\n|t:|1791063581\n|move|p1a: Excadrill|Iron Head|p2a: Rotom\n|-resisted|p2a: Rotom\n|-damage|p2a: Rotom|15/100 tox\n|move|p2a: Rotom|Hydro Pump|p1a: Excadrill\n|-supereffective|p1a: Excadrill\n|-damage|p1a: Excadrill|0 fnt\n|faint|p1a: Excadrill\n|\n|-weather|Sandstorm|[upkeep]\n|-damage|p2a: Rotom|9/100 tox|[from] Sandstorm\n|-heal|p2a: Rotom|15/100 tox|[from] item: Leftovers\n|-damage|p2a: Rotom|0 fnt|[from] psn\n|faint|p2a: Rotom\n|upkeep\n|\n|t:|1791063591\n|switch|p1a: Slowbro|Slowbro, F|100/100\n|switch|p2a: Clefable|Clefable, M|100/100\n|turn|27\n|\n|t:|1791063593\n|move|p2a: Clefable|Calm Mind|p2a: Clefable\n|-boost|p2a: Clefable|spa|1\n|-boost|p2a: Clefable|spd|1\n|move|p1a: Slowbro|Future Sight|p2a: Clefable\n|-start|p1a: Slowbro|move: Future Sight\n|\n|-weather|none\n|upkeep\n|turn|28\n|\n|t:|1791063597\n|move|p2a: Clefable|Calm Mind|p2a: Clefable\n|-boost|p2a: Clefable|spa|1\n|-boost|p2a: Clefable|spd|1\n|move|p1a: Slowbro|Ice Beam|p2a: Clefable\n|-damage|p2a: Clefable|91/100\n|\n|-heal|p2a: Clefable|97/100|[from] item: Leftovers\n|upkeep\n|turn|29\n|\n|t:|1791063602\n|move|p2a: Clefable|Thunder|p1a: Slowbro\n|-supereffective|p1a: Slowbro\n|-damage|p1a: Slowbro|14/100\n|move|p1a: Slowbro|Ice Beam|p2a: Clefable\n|-damage|p2a: Clefable|89/100\n|\n|-end|p2a: Clefable|move: Future Sight\n|-damage|p2a: Clefable|69/100\n|-heal|p2a: Clefable|75/100|[from] item: Leftovers\n|upkeep\n|turn|30\n|l| mipc\n|\n|t:|1791063604\n|move|p2a: Clefable|Moonblast|p1a: Slowbro\n|-damage|p1a: Slowbro|0 fnt\n|faint|p1a: Slowbro\n|\n|win|sussaix\n|n|\u2606NinjaCaro|ninjacaro\n|n|\u2606sussaix|sussaix\n|n| AmoMeuPaieMinhaMae|amomeupaieminhamae\n", "uploadtime": 1791063605, "views": "0", "formatid": "gen8ou", "rating": null, "private": 0, "password": null}