{"id": "gen8ou-2688215568", "format": "[Gen 8] OU", "players": ["sanos", "Baganha"], "log": "|j|\u2606sanos\n|j|\u2606Baganha\n|t:|1790435010\n|gametype|singles\n|player|p1|sanos|bianca-pwt|\n|player|p2|Baganha|hilbert|\n|gen|8\n|tier|[Gen 8] OU\n|rule|HP Percentage Mod: HP is shown in percentages\n|rule|Endless Battle Clause: Forcing endless battles is banned\n|rule|Sleep Clause Mod: Limit one foe put to sleep\n|rule|Species Clause: Limit one of each Pok\u00e9mon\n|rule|OHKO Clause: OHKO moves are banned\n|rule|Evasion Items Clause: Evasion items are banned\n|rule|Evasion Moves Clause: Evasion moves are banned\n|rule|Dynamax Clause: You cannot dynamax\n|clearpoke\n|poke|p1|Slowbro, M|\n|poke|p1|Blacephalon|\n|poke|p1|Melmetal|\n|poke|p1|Corviknight, M|\n|poke|p1|Weavile, F|\n|poke|p1|Landorus-Therian, M|\n|poke|p2|Dragapult, M|\n|poke|p2|Melmetal|\n|poke|p2|Clefable, M|\n|poke|p2|Slowbro, F|\n|poke|p2|Tornadus-Therian, M|\n|poke|p2|Garchomp, M|\n|teampreview\n|c|\u2606Baganha|hf\n|c|\u2606sanos|glhf\n|j| 6lt3xy supernate\n|j| sergio aguero\n|\n|t:|1790435099\n|teamsize|p1|6\n|teamsize|p2|6\n|start\n|switch|p1a: Melmetal|Melmetal|100/100\n|switch|p2a: Tornadus|Tornadus-Therian, M|100/100\n|turn|1\n|\n|t:|1790435115\n|move|p2a: Tornadus|Knock Off|p1a: Melmetal\n|-damage|p1a: Melmetal|88/100\n|-enditem|p1a: Melmetal|Leftovers|[from] move: Knock Off|[of] p2a: Tornadus\n|move|p1a: Melmetal|Toxic|p2a: Tornadus\n|-status|p2a: Tornadus|tox\n|\n|-damage|p2a: Tornadus|94/100 tox|[from] psn\n|upkeep\n|turn|2\n|\n|t:|1790435129\n|move|p2a: Tornadus|U-turn|p1a: Melmetal\n|-resisted|p1a: Melmetal\n|-damage|p1a: Melmetal|84/100\n|j| i feel empy\n|\n|t:|1790435150\n|switch|p2a: Slowbro|Slowbro, F|100/100|[from] U-turn\n|move|p1a: Melmetal|Toxic|p2a: Slowbro\n|-status|p2a: Slowbro|tox\n|\n|-damage|p2a: Slowbro|94/100 tox|[from] psn\n|upkeep\n|turn|3\n|\n|t:|1790435163\n|switch|p1a: Slowbro|Slowbro, M|100/100\n|switch|p2a: Garchomp|Garchomp, M|100/100\n|\n|upkeep\n|turn|4\n|\n|t:|1790435173\n|move|p2a: Garchomp|Stealth Rock|p1a: Slowbro\n|-sidestart|p1: sanos|move: Stealth Rock\n|move|p1a: Slowbro|Scald|p2a: Garchomp\n|-damage|p2a: Garchomp|82/100\n|\n|-heal|p2a: Garchomp|88/100|[from] item: Leftovers\n|upkeep\n|turn|5\n|\n|t:|1790435179\n|switch|p2a: Clefable|Clefable, M|100/100\n|switch|p1a: Corviknight|Corviknight, M|100/100\n|-damage|p1a: Corviknight|88/100|[from] Stealth Rock\n|-ability|p1a: Corviknight|Pressure\n|\n|upkeep\n|turn|6\n|\n|t:|1790435190\n|move|p2a: Clefable|Knock Off|p1a: Corviknight\n|-damage|p1a: Corviknight|80/100\n|-enditem|p1a: Corviknight|Rocky Helmet|[from] move: Knock Off|[of] p2a: Clefable\n|move|p1a: Corviknight|Defog|p2a: Clefable\n|-unboost|p2a: Clefable|evasion|1\n|-sideend|p1: sanos|Stealth Rock|[from] move: Defog|[of] p1a: Corviknight\n|\n|upkeep\n|turn|7\n|\n|t:|1790435198\n|switch|p1a: Blacephalon|Blacephalon|100/100\n|move|p2a: Clefable|Thunder Wave|p1a: Blacephalon\n|-status|p1a: Blacephalon|par\n|\n|upkeep\n|turn|8\n|\n|t:|1790435259\n|switch|p2a: Garchomp|Garchomp, M|88/100\n|cant|p1a: Blacephalon|par\n|\n|-heal|p2a: Garchomp|94/100|[from] item: Leftovers\n|upkeep\n|turn|9\n|l| sergio aguero\n|\n|t:|1790435273\n|switch|p1a: Landorus|Landorus-Therian, M|100/100\n|-ability|p1a: Landorus|Intimidate|boost\n|-unboost|p2a: Garchomp|atk|1\n|move|p2a: Garchomp|Stealth Rock|p1a: Landorus\n|-sidestart|p1: sanos|move: Stealth Rock\n|\n|-heal|p2a: Garchomp|99/100|[from] item: Leftovers\n|upkeep\n|turn|10\n|j| eeeeix\n|\n|t:|1790435281\n|move|p2a: Garchomp|Toxic|p1a: Landorus\n|-status|p1a: Landorus|tox\n|move|p1a: Landorus|Stealth Rock|p2a: Garchomp\n|-sidestart|p2: Baganha|move: Stealth Rock\n|\n|-heal|p2a: Garchomp|100/100|[from] item: Leftovers\n|-damage|p1a: Landorus|94/100 tox|[from] psn\n|upkeep\n|turn|11\n|\n|t:|1790435293\n|switch|p2a: Tornadus|Tornadus-Therian, M|100/100 tox\n|switch|p1a: Slowbro|Slowbro, M|100/100\n|-damage|p1a: Slowbro|88/100|[from] Stealth Rock\n|\n|-damage|p2a: Tornadus|94/100 tox|[from] psn\n|upkeep\n|turn|12\n|j| lolebruh\n|l| eeeeix\n|\n|t:|1790435303\n|move|p2a: Tornadus|U-turn|p1a: Slowbro\n|-supereffective|p1a: Slowbro\n|-damage|p1a: Slowbro|68/100\n|-enditem|p1a: Slowbro|Eject Button\n|\n|t:|1790435307\n|switch|p1a: Weavile|Weavile, F|100/100\n|-damage|p1a: Weavile|76/100|[from] Stealth Rock\n|\n|-damage|p2a: Tornadus|82/100 tox|[from] psn\n|upkeep\n|turn|13\n|\n|t:|1790435316\n|switch|p2a: Clefable|Clefable, M|100/100\n|move|p1a: Weavile|Beat Up|p2a: Clefable\n|-resisted|p2a: Clefable\n|-damage|p2a: Clefable|95/100\n|-resisted|p2a: Clefable\n|-damage|p2a: Clefable|89/100\n|-resisted|p2a: Clefable\n|-damage|p2a: Clefable|85/100\n|-resisted|p2a: Clefable\n|-damage|p2a: Clefable|81/100\n|-hitcount|p2a: Clefable|4\n|\n|upkeep\n|turn|14\n|\n|t:|1790435339\n|switch|p1a: Slowbro|Slowbro, M|100/100\n|-damage|p1a: Slowbro|88/100|[from] Stealth Rock\n|switch|p2a: Melmetal|Melmetal|100/100\n|-damage|p2a: Melmetal|94/100|[from] Stealth Rock\n|\n|-heal|p2a: Melmetal|100/100|[from] item: Leftovers\n|upkeep\n|turn|15\n|\n|t:|1790435349\n|switch|p2a: Slowbro|Slowbro, F|100/100 tox\n|-damage|p2a: Slowbro|88/100 tox|[from] Stealth Rock\n|move|p1a: Slowbro|Future Sight|p2a: Slowbro\n|-start|p1a: Slowbro|move: Future Sight\n|\n|-damage|p2a: Slowbro|82/100 tox|[from] psn\n|upkeep\n|turn|16\n|\n|t:|1790435354\n|move|p2a: Slowbro|Future Sight|p1a: Slowbro\n|-start|p2a: Slowbro|move: Future Sight\n|move|p1a: Slowbro|Teleport|p1a: Slowbro\n|\n|t:|1790435362\n|switch|p1a: Corviknight|Corviknight, M|80/100|[from] Teleport\n|-damage|p1a: Corviknight|67/100|[from] Stealth Rock\n|-ability|p1a: Corviknight|Pressure\n|\n|-damage|p2a: Slowbro|70/100 tox|[from] psn\n|upkeep\n|turn|17\n|\n|t:|1790435369\n|move|p1a: Corviknight|Defog|p2a: Slowbro\n|-unboost|p2a: Slowbro|evasion|1\n|-sideend|p2: Baganha|Stealth Rock|[from] move: Defog|[of] p1a: Corviknight\n|-sideend|p1: sanos|Stealth Rock|[from] move: Defog|[of] p1a: Corviknight\n|move|p2a: Slowbro|Teleport|p2a: Slowbro\n|\n|t:|1790435384\n|switch|p2a: Dragapult|Dragapult, M|100/100|[from] Teleport\n|\n|-end|p2a: Dragapult|move: Future Sight\n|-damage|p2a: Dragapult|44/100\n|upkeep\n|turn|18\n|\n|t:|1790435445\n|move|p2a: Dragapult|Shadow Ball|p1a: Corviknight\n|-damage|p1a: Corviknight|14/100\n|-unboost|p1a: Corviknight|spd|1\n|move|p1a: Corviknight|Roost|p1a: Corviknight\n|-heal|p1a: Corviknight|64/100\n|-singleturn|p1a: Corviknight|move: Roost\n|\n|-end|p1a: Corviknight|move: Future Sight\n|-resisted|p1a: Corviknight\n|-damage|p1a: Corviknight|32/100\n|upkeep\n|turn|19\n|\n|t:|1790435455\n|switch|p2a: Melmetal|Melmetal|100/100\n|switch|p1a: Weavile|Weavile, F|76/100\n|\n|upkeep\n|turn|20\n|\n|t:|1790435465\n|switch|p1a: Blacephalon|Blacephalon|100/100 par\n|move|p2a: Melmetal|Double Iron Bash|p1a: Blacephalon\n|-resisted|p1a: Blacephalon\n|-damage|p1a: Blacephalon|49/100 par\n|-resisted|p1a: Blacephalon\n|-damage|p1a: Blacephalon|2/100 par\n|-hitcount|p1a: Blacephalon|2\n|\n|upkeep\n|turn|21\n|c|\u2606sanos|oml\n|c|\u2606sanos|stronk\n|\n|t:|1790435481\n|switch|p2a: Garchomp|Garchomp, M|100/100\n|move|p1a: Blacephalon|Trick|p2a: Garchomp\n|-activate|p1a: Blacephalon|move: Trick|[of] p2a: Garchomp\n|-item|p2a: Garchomp|Choice Specs|[from] move: Trick\n|-item|p1a: Blacephalon|Leftovers|[from] move: Trick\n|\n|-heal|p1a: Blacephalon|8/100 par|[from] item: Leftovers\n|upkeep\n|turn|22\n|\n|t:|1790435493\n|move|p2a: Garchomp|Stealth Rock|p1a: Blacephalon\n|-sidestart|p1: sanos|move: Stealth Rock\n|cant|p1a: Blacephalon|par\n|\n|-heal|p1a: Blacephalon|14/100 par|[from] item: Leftovers\n|upkeep\n|turn|23\n|j| rueusududysys\n|\n|t:|1790435511\n|switch|p2a: Tornadus|Tornadus-Therian, M|100/100 tox\n|move|p1a: Blacephalon|Flamethrower|p2a: Tornadus\n|-damage|p2a: Tornadus|46/100 tox\n|\n|-heal|p1a: Blacephalon|20/100 par|[from] item: Leftovers\n|-damage|p2a: Tornadus|40/100 tox|[from] psn\n|upkeep\n|turn|24\n|\n|t:|1790435516\n|switch|p1a: Slowbro|Slowbro, M|100/100\n|-damage|p1a: Slowbro|88/100|[from] Stealth Rock\n|move|p2a: Tornadus|Knock Off|p1a: Slowbro\n|-supereffective|p1a: Slowbro\n|-damage|p1a: Slowbro|71/100\n|\n|-damage|p2a: Tornadus|28/100 tox|[from] psn\n|upkeep\n|turn|25\n|\n|t:|1790435526\n|move|p2a: Tornadus|U-turn|p1a: Slowbro\n|-supereffective|p1a: Slowbro\n|-damage|p1a: Slowbro|52/100\n|\n|t:|1790435529\n|switch|p2a: Slowbro|Slowbro, F|100/100 tox|[from] U-turn\n|move|p1a: Slowbro|Teleport|p1a: Slowbro\n|\n|t:|1790435532\n|switch|p1a: Corviknight|Corviknight, M|32/100|[from] Teleport\n|-damage|p1a: Corviknight|20/100|[from] Stealth Rock\n|-ability|p1a: Corviknight|Pressure\n|\n|-damage|p2a: Slowbro|94/100 tox|[from] psn\n|upkeep\n|turn|26\n|\n|t:|1790435540\n|move|p1a: Corviknight|Roost|p1a: Corviknight\n|-heal|p1a: Corviknight|70/100\n|-singleturn|p1a: Corviknight|move: Roost\n|move|p2a: Slowbro|Teleport|p2a: Slowbro\n|\n|t:|1790435542\n|switch|p2a: Dragapult|Dragapult, M|44/100|[from] Teleport\n|\n|upkeep\n|turn|27\n|\n|t:|1790435569\n|switch|p1a: Blacephalon|Blacephalon|20/100 par\n|-damage|p1a: Blacephalon|0 fnt|[from] Stealth Rock\n|faint|p1a: Blacephalon\n|move|p2a: Dragapult|Shadow Ball|p1: Blacephalon|[notarget]\n|-fail|p2a: Dragapult\n|\n|upkeep\n|\n|t:|1790435575\n|switch|p1a: Weavile|Weavile, F|76/100\n|-damage|p1a: Weavile|51/100|[from] Stealth Rock\n|turn|28\n|\n|t:|1790435583\n|switch|p2a: Clefable|Clefable, M|81/100\n|move|p1a: Weavile|Triple Axel|p2a: Clefable\n|-damage|p2a: Clefable|68/100\n|-damage|p1a: Weavile|34/100|[from] item: Rocky Helmet|[of] p2a: Clefable\n|-damage|p2a: Clefable|44/100\n|-damage|p1a: Weavile|18/100|[from] item: Rocky Helmet|[of] p2a: Clefable\n|-hitcount|p2a: Clefable|2\n|\n|upkeep\n|turn|29\n|\n|t:|1790435593\n|switch|p1a: Slowbro|Slowbro, M|85/100\n|-damage|p1a: Slowbro|73/100|[from] Stealth Rock\n|move|p2a: Clefable|Soft-Boiled|p2a: Clefable\n|-heal|p2a: Clefable|94/100\n|\n|upkeep\n|turn|30\n|\n|t:|1790435611\n|switch|p2a: Slowbro|Slowbro, F|100/100 tox\n|move|p1a: Slowbro|Future Sight|p2a: Slowbro\n|-start|p1a: Slowbro|move: Future Sight\n|\n|-damage|p2a: Slowbro|94/100 tox|[from] psn\n|upkeep\n|turn|31\n|\n|t:|1790435620\n|move|p2a: Slowbro|Teleport|p2a: Slowbro\n|\n|t:|1790435624\n|switch|p2a: Melmetal|Melmetal|100/100|[from] Teleport\n|move|p1a: Slowbro|Teleport|p1a: Slowbro\n|\n|t:|1790435627\n|switch|p1a: Corviknight|Corviknight, M|70/100|[from] Teleport\n|-damage|p1a: Corviknight|57/100|[from] Stealth Rock\n|-ability|p1a: Corviknight|Pressure\n|\n|upkeep\n|turn|32\n|\n|t:|1790435637\n|move|p2a: Melmetal|Thunder Punch|p1a: Corviknight\n|-supereffective|p1a: Corviknight\n|-damage|p1a: Corviknight|15/100\n|move|p1a: Corviknight|Roost|p1a: Corviknight\n|-heal|p1a: Corviknight|65/100\n|-singleturn|p1a: Corviknight|move: Roost\n|\n|-end|p2a: Melmetal|move: Future Sight\n|-resisted|p2a: Melmetal\n|-damage|p2a: Melmetal|80/100\n|-heal|p2a: Melmetal|86/100|[from] item: Leftovers\n|upkeep\n|turn|33\n|\n|t:|1790435643\n|move|p2a: Melmetal|Thunder Punch|p1a: Corviknight\n|-supereffective|p1a: Corviknight\n|-damage|p1a: Corviknight|21/100\n|move|p1a: Corviknight|Defog|p2a: Melmetal\n|-unboost|p2a: Melmetal|evasion|1\n|-sideend|p1: sanos|Stealth Rock|[from] move: Defog|[of] p1a: Corviknight\n|\n|-heal|p2a: Melmetal|92/100|[from] item: Leftovers\n|upkeep\n|turn|34\n|\n|t:|1790435649\n|move|p2a: Melmetal|Double Iron Bash|p1a: Corviknight\n|-resisted|p1a: Corviknight\n|-crit|p1a: Corviknight\n|-damage|p1a: Corviknight|1/100\n|-resisted|p1a: Corviknight\n|-damage|p1a: Corviknight|0 fnt\n|faint|p1a: Corviknight\n|-hitcount|p1: Corviknight|2\n|\n|-heal|p2a: Melmetal|98/100|[from] item: Leftovers\n|upkeep\n|\n|t:|1790435651\n|switch|p1a: Landorus|Landorus-Therian, M|94/100 tox\n|-ability|p1a: Landorus|Intimidate|boost\n|-unboost|p2a: Melmetal|atk|1\n|turn|35\n|\n|t:|1790435659\n|switch|p2a: Garchomp|Garchomp, M|100/100\n|move|p1a: Landorus|Stealth Rock|p2a: Garchomp\n|-sidestart|p2: Baganha|move: Stealth Rock\n|\n|-heal|p1a: Landorus|100/100 tox|[from] item: Leftovers\n|-damage|p1a: Landorus|94/100 tox|[from] psn\n|upkeep\n|turn|36\n|\n|t:|1790435666\n|switch|p1a: Weavile|Weavile, F|18/100\n|move|p2a: Garchomp|Stealth Rock|p1a: Weavile\n|-sidestart|p1: sanos|move: Stealth Rock\n|\n|upkeep\n|turn|37\n|\n|t:|1790435678\n|switch|p2a: Clefable|Clefable, M|94/100\n|move|p1a: Weavile|Knock Off|p2a: Clefable\n|-resisted|p2a: Clefable\n|-damage|p2a: Clefable|66/100\n|-damage|p1a: Weavile|2/100|[from] item: Rocky Helmet|[of] p2a: Clefable\n|-enditem|p2a: Clefable|Rocky Helmet|[from] move: Knock Off|[of] p1a: Weavile\n|\n|upkeep\n|turn|38\n|\n|t:|1790435686\n|switch|p1a: Melmetal|Melmetal|84/100\n|-damage|p1a: Melmetal|78/100|[from] Stealth Rock\n|move|p2a: Clefable|Soft-Boiled|p2a: Clefable\n|-heal|p2a: Clefable|100/100\n|\n|upkeep\n|turn|39\n|inactive|Battle timer is ON: inactive players will automatically lose when time's up. (requested by Baganha)\n|\n|t:|1790435737\n|switch|p2a: Slowbro|Slowbro, F|100/100 tox\n|-damage|p2a: Slowbro|88/100 tox|[from] Stealth Rock\n|move|p1a: Melmetal|Thunder Punch|p2a: Slowbro\n|-supereffective|p2a: Slowbro\n|-damage|p2a: Slowbro|37/100 tox\n|-enditem|p2a: Slowbro|Eject Button\n|\n|t:|1790435753\n|switch|p2a: Garchomp|Garchomp, M|100/100\n|-damage|p2a: Garchomp|94/100|[from] Stealth Rock\n|\n|upkeep\n|turn|40\n|\n|t:|1790435758\n|switch|p1a: Weavile|Weavile, F|2/100\n|-damage|p1a: Weavile|0 fnt|[from] Stealth Rock\n|faint|p1a: Weavile\n|move|p2a: Garchomp|Earthquake|p1: Weavile|[notarget]\n|-fail|p2a: Garchomp\n|\n|upkeep\n|\n|t:|1790435761\n|switch|p1a: Landorus|Landorus-Therian, M|94/100 tox\n|-damage|p1a: Landorus|82/100 tox|[from] Stealth Rock\n|-ability|p1a: Landorus|Intimidate|boost\n|-unboost|p2a: Garchomp|atk|1\n|turn|41\n|\n|t:|1790435767\n|switch|p2a: Tornadus|Tornadus-Therian, M|61/100 tox\n|move|p1a: Landorus|U-turn|p2a: Tornadus\n|-resisted|p2a: Tornadus\n|-damage|p2a: Tornadus|48/100 tox\n|\n|t:|1790435769\n|switch|p1a: Melmetal|Melmetal|78/100|[from] U-turn\n|-damage|p1a: Melmetal|72/100|[from] Stealth Rock\n|\n|-damage|p2a: Tornadus|42/100 tox|[from] psn\n|upkeep\n|turn|42\n|\n|t:|1790435773\n|switch|p1a: Slowbro|Slowbro, M|100/100\n|-damage|p1a: Slowbro|88/100|[from] Stealth Rock\n|move|p2a: Tornadus|Heat Wave|p1a: Slowbro|[miss]\n|-miss|p2a: Tornadus|p1a: Slowbro\n|\n|-damage|p2a: Tornadus|30/100 tox|[from] psn\n|upkeep\n|turn|43\n|\n|t:|1790435779\n|move|p2a: Tornadus|U-turn|p1a: Slowbro\n|-supereffective|p1a: Slowbro\n|-damage|p1a: Slowbro|67/100\n|\n|t:|1790435789\n|switch|p2a: Garchomp|Garchomp, M|94/100|[from] U-turn\n|-damage|p2a: Garchomp|88/100|[from] Stealth Rock\n|move|p1a: Slowbro|Future Sight|p2a: Garchomp\n|-start|p1a: Slowbro|move: Future Sight\n|\n|upkeep\n|turn|44\n|\n|t:|1790435805\n|switch|p2a: Tornadus|Tornadus-Therian, M|63/100 tox\n|switch|p1a: Landorus|Landorus-Therian, M|82/100 tox\n|-damage|p1a: Landorus|70/100 tox|[from] Stealth Rock\n|-ability|p1a: Landorus|Intimidate|boost\n|-unboost|p2a: Tornadus|atk|1\n|\n|-heal|p1a: Landorus|76/100 tox|[from] item: Leftovers\n|-damage|p2a: Tornadus|57/100 tox|[from] psn\n|-damage|p1a: Landorus|70/100 tox|[from] psn\n|upkeep\n|turn|45\n|\n|t:|1790435816\n|switch|p1a: Slowbro|Slowbro, M|100/100\n|-damage|p1a: Slowbro|88/100|[from] Stealth Rock\n|move|p2a: Tornadus|U-turn|p1a: Slowbro\n|-supereffective|p1a: Slowbro\n|-damage|p1a: Slowbro|74/100\n|\n|t:|1790435830\n|switch|p2a: Slowbro|Slowbro, F|70/100 tox|[from] U-turn\n|-damage|p2a: Slowbro|58/100 tox|[from] Stealth Rock\n|\n|-end|p2a: Slowbro|move: Future Sight\n|-resisted|p2a: Slowbro\n|-damage|p2a: Slowbro|38/100 tox\n|-damage|p2a: Slowbro|32/100 tox|[from] psn\n|upkeep\n|turn|46\n|\n|t:|1790435849\n|move|p1a: Slowbro|Future Sight|p2a: Slowbro\n|-start|p1a: Slowbro|move: Future Sight\n|move|p2a: Slowbro|Teleport|p2a: Slowbro\n|\n|t:|1790435851\n|switch|p2a: Dragapult|Dragapult, M|44/100|[from] Teleport\n|-damage|p2a: Dragapult|32/100|[from] Stealth Rock\n|\n|upkeep\n|turn|47\n|\n|t:|1790435855\n|switch|p1a: Landorus|Landorus-Therian, M|70/100 tox\n|-damage|p1a: Landorus|58/100 tox|[from] Stealth Rock\n|-ability|p1a: Landorus|Intimidate|boost\n|-unboost|p2a: Dragapult|atk|1\n|move|p2a: Dragapult|Shadow Ball|p1a: Landorus\n|-damage|p1a: Landorus|15/100 tox\n|\n|-heal|p1a: Landorus|21/100 tox|[from] item: Leftovers\n|-damage|p1a: Landorus|15/100 tox|[from] psn\n|upkeep\n|turn|48\n|\n|t:|1790435864\n|switch|p2a: Clefable|Clefable, M|100/100\n|move|p1a: Landorus|Earthquake|p2a: Clefable\n|-damage|p2a: Clefable|64/100\n|\n|-end|p2a: Clefable|move: Future Sight\n|-damage|p2a: Clefable|26/100\n|-heal|p1a: Landorus|21/100 tox|[from] item: Leftovers\n|-damage|p1a: Landorus|9/100 tox|[from] psn\n|upkeep\n|turn|49\n|\n|t:|1790435874\n|switch|p1a: Melmetal|Melmetal|72/100\n|-damage|p1a: Melmetal|65/100|[from] Stealth Rock\n|move|p2a: Clefable|Moonblast|p1a: Melmetal\n|-resisted|p1a: Melmetal\n|-damage|p1a: Melmetal|52/100\n|\n|upkeep\n|turn|50\n|\n|t:|1790435887\n|move|p2a: Clefable|Moonblast|p1a: Melmetal\n|-resisted|p1a: Melmetal\n|-damage|p1a: Melmetal|38/100\n|move|p1a: Melmetal|Double Iron Bash|p2a: Clefable\n|-supereffective|p2a: Clefable\n|-damage|p2a: Clefable|0 fnt\n|faint|p2a: Clefable\n|-hitcount|p2: Clefable|1\n|\n|upkeep\n|\n|t:|1790435897\n|switch|p2a: Dragapult|Dragapult, M|32/100\n|-damage|p2a: Dragapult|20/100|[from] Stealth Rock\n|turn|51\n|\n|t:|1790435900\n|switch|p1a: Landorus|Landorus-Therian, M|9/100 tox\n|-damage|p1a: Landorus|0 fnt|[from] Stealth Rock\n|faint|p1a: Landorus\n|move|p2a: Dragapult|Shadow Ball|p1: Landorus|[notarget]\n|-fail|p2a: Dragapult\n|\n|upkeep\n|\n|t:|1790435902\n|switch|p1a: Melmetal|Melmetal|38/100\n|-damage|p1a: Melmetal|32/100|[from] Stealth Rock\n|turn|52\n|\n|t:|1790435906\n|switch|p1a: Slowbro|Slowbro, M|100/100\n|-damage|p1a: Slowbro|88/100|[from] Stealth Rock\n|move|p2a: Dragapult|Shadow Ball|p1a: Slowbro\n|-supereffective|p1a: Slowbro\n|-damage|p1a: Slowbro|1/100\n|\n|upkeep\n|turn|53\n|\n|t:|1790435909\n|move|p2a: Dragapult|Shadow Ball|p1a: Slowbro\n|-supereffective|p1a: Slowbro\n|-damage|p1a: Slowbro|0 fnt\n|faint|p1a: Slowbro\n|\n|upkeep\n|c|\u2606sanos|gg\n|c|\u2606Baganha|gg\n|\n|t:|1790435913\n|switch|p1a: Melmetal|Melmetal|32/100\n|-damage|p1a: Melmetal|26/100|[from] Stealth Rock\n|turn|54\n|\n|t:|1790435915\n|move|p2a: Dragapult|Shadow Ball|p1a: Melmetal\n|-damage|p1a: Melmetal|0 fnt\n|faint|p1a: Melmetal\n|\n|win|Baganha\n", "uploadtime": 1790435917, "views": "109", "formatid": "gen8ou", "rating": null, "private": 0, "password": null}