{"id": "gen8ou-2691314084", "format": "[Gen 8] OU", "players": ["CranberryHabits", "TimurGoesWild"], "log": "|j|\u2606CranberryHabits\n|j|\u2606TimurGoesWild\n|t:|1790895528\n|gametype|singles\n|player|p1|CranberryHabits|parasollady|1068\n|player|p2|TimurGoesWild|266|1000\n|gen|8\n|tier|[Gen 8] OU\n|rated|\n|rule|HP Percentage Mod: HP is shown in percentages\n|rule|Endless Battle Clause: Forcing endless battles is banned\n|rule|Sleep Clause Mod: Limit one foe put to sleep\n|rule|Species Clause: Limit one of each Pok\u00e9mon\n|rule|OHKO Clause: OHKO moves are banned\n|rule|Evasion Items Clause: Evasion items are banned\n|rule|Evasion Moves Clause: Evasion moves are banned\n|rule|Dynamax Clause: You cannot dynamax\n|clearpoke\n|poke|p1|Ribombee, F|\n|poke|p1|Tapu Bulu|\n|poke|p1|Urshifu-*, F|\n|poke|p1|Heatran, M|\n|poke|p1|Rapidash-Galar, F|\n|poke|p1|Dragapult, M|\n|poke|p2|Zeraora|\n|poke|p2|Dragapult, F|\n|poke|p2|Moltres-Galar|\n|poke|p2|Scizor, F|\n|poke|p2|Barraskewda, M|\n|poke|p2|Cinccino, F|\n|teampreview\n|\n|t:|1790895543\n|teamsize|p1|6\n|teamsize|p2|6\n|start\n|switch|p1a: Ribombee|Ribombee, F|100/100\n|switch|p2a: Scizor|Scizor, F|100/100\n|turn|1\n|\n|t:|1790895550\n|move|p1a: Ribombee|Sticky Web|p2a: Scizor\n|-sidestart|p2: TimurGoesWild|move: Sticky Web\n|move|p2a: Scizor|Iron Head|p1a: Ribombee\n|-supereffective|p1a: Ribombee\n|-enditem|p1a: Ribombee|Focus Sash\n|-damage|p1a: Ribombee|1/100\n|\n|upkeep\n|turn|2\n|\n|t:|1790895558\n|switch|p1a: Urshifu|Urshifu-Rapid-Strike, F|100/100\n|move|p2a: Scizor|Bullet Punch|p1a: Urshifu\n|-resisted|p1a: Urshifu\n|-damage|p1a: Urshifu|84/100\n|\n|-heal|p1a: Urshifu|91/100|[from] item: Leftovers\n|upkeep\n|turn|3\n|\n|t:|1790895565\n|move|p1a: Urshifu|Surging Strikes|p2a: Scizor\n|-crit|p2a: Scizor\n|-damage|p2a: Scizor|80/100\n|-damage|p1a: Urshifu|74/100|[from] item: Rocky Helmet|[of] p2a: Scizor\n|-crit|p2a: Scizor\n|-damage|p2a: Scizor|61/100\n|-damage|p1a: Urshifu|57/100|[from] item: Rocky Helmet|[of] p2a: Scizor\n|-crit|p2a: Scizor\n|-damage|p2a: Scizor|40/100\n|-damage|p1a: Urshifu|41/100|[from] item: Rocky Helmet|[of] p2a: Scizor\n|-hitcount|p2a: Scizor|3\n|move|p2a: Scizor|Iron Head|p1a: Urshifu\n|-resisted|p1a: Urshifu\n|-damage|p1a: Urshifu|19/100\n|\n|-heal|p1a: Urshifu|25/100|[from] item: Leftovers\n|upkeep\n|turn|4\n|\n|t:|1790895581\n|move|p2a: Scizor|Bullet Punch|p1a: Urshifu\n|-resisted|p1a: Urshifu\n|-damage|p1a: Urshifu|9/100\n|move|p1a: Urshifu|Drain Punch|p2a: Scizor\n|-damage|p2a: Scizor|2/100\n|-heal|p1a: Urshifu|25/100|[from] drain|[of] p2a: Scizor\n|-damage|p1a: Urshifu|8/100|[from] item: Rocky Helmet|[of] p2a: Scizor\n|\n|-heal|p1a: Urshifu|15/100|[from] item: Leftovers\n|upkeep\n|turn|5\n|\n|t:|1790895600\n|move|p2a: Scizor|Bullet Punch|p1a: Urshifu\n|-resisted|p1a: Urshifu\n|-damage|p1a: Urshifu|0 fnt\n|faint|p1a: Urshifu\n|\n|upkeep\n|\n|t:|1790895610\n|switch|p1a: Heatran|Heatran, M|100/100\n|turn|6\n|\n|t:|1790895616\n|move|p2a: Scizor|Bullet Punch|p1a: Heatran\n|-resisted|p1a: Heatran\n|-damage|p1a: Heatran|94/100\n|move|p1a: Heatran|Magma Storm|p2a: Scizor\n|-supereffective|p2a: Scizor\n|-damage|p2a: Scizor|0 fnt\n|faint|p2a: Scizor\n|\n|-heal|p1a: Heatran|99/100|[from] item: Leftovers\n|upkeep\n|\n|t:|1790895622\n|switch|p2a: Barraskewda|Barraskewda, M|100/100\n|-activate|p2a: Barraskewda|move: Sticky Web\n|-unboost|p2a: Barraskewda|spe|1\n|turn|7\n|\n|t:|1790895627\n|move|p1a: Heatran|Protect|p1a: Heatran\n|-singleturn|p1a: Heatran|Protect\n|move|p2a: Barraskewda|Liquidation|p1a: Heatran\n|-activate|p1a: Heatran|move: Protect\n|\n|-heal|p1a: Heatran|100/100|[from] item: Leftovers\n|upkeep\n|turn|8\n|\n|t:|1790895634\n|switch|p1a: Tapu Bulu|Tapu Bulu|100/100\n|-fieldstart|move: Grassy Terrain|[from] ability: Grassy Surge|[of] p1a: Tapu Bulu\n|move|p2a: Barraskewda|Liquidation|p1a: Tapu Bulu\n|-resisted|p1a: Tapu Bulu\n|-damage|p1a: Tapu Bulu|80/100\n|\n|-heal|p1a: Tapu Bulu|86/100|[from] Grassy Terrain\n|-heal|p1a: Tapu Bulu|92/100|[from] item: Leftovers\n|upkeep\n|turn|9\n|\n|t:|1790895643\n|switch|p2a: Moltres|Moltres-Galar|100/100\n|move|p1a: Tapu Bulu|Swords Dance|p1a: Tapu Bulu\n|-boost|p1a: Tapu Bulu|atk|2\n|\n|-heal|p1a: Tapu Bulu|98/100|[from] Grassy Terrain\n|-heal|p1a: Tapu Bulu|100/100|[from] item: Leftovers\n|upkeep\n|turn|10\n|\n|t:|1790895651\n|switch|p1a: Heatran|Heatran, M|100/100\n|move|p2a: Moltres|Brave Bird|p1a: Heatran\n|-resisted|p1a: Heatran\n|-crit|p1a: Heatran\n|-damage|p1a: Heatran|60/100\n|-damage|p2a: Moltres|85/100|[from] Recoil\n|-damage|p2a: Moltres|75/100|[from] item: Life Orb\n|\n|-heal|p1a: Heatran|66/100|[from] Grassy Terrain\n|-heal|p1a: Heatran|73/100|[from] item: Leftovers\n|upkeep\n|turn|11\n|\n|t:|1790895662\n|move|p2a: Moltres|Fiery Wrath|p1a: Heatran\n|-damage|p1a: Heatran|39/100\n|-damage|p2a: Moltres|65/100|[from] item: Life Orb\n|move|p1a: Heatran|Magma Storm|p2a: Moltres\n|-damage|p2a: Moltres|20/100\n|-activate|p2a: Moltres|move: Magma Storm|[of] p1a: Heatran\n|-ability|p2a: Moltres|Berserk|boost\n|-boost|p2a: Moltres|spa|1\n|\n|-heal|p1a: Heatran|45/100|[from] Grassy Terrain\n|-heal|p1a: Heatran|52/100|[from] item: Leftovers\n|-damage|p2a: Moltres|7/100|[from] move: Magma Storm|[partiallytrapped]\n|upkeep\n|turn|12\n|\n|t:|1790895673\n|move|p1a: Heatran|Protect|p1a: Heatran\n|-singleturn|p1a: Heatran|Protect\n|move|p2a: Moltres|Fiery Wrath|p1a: Heatran\n|-activate|p1a: Heatran|move: Protect\n|\n|-heal|p1a: Heatran|58/100|[from] Grassy Terrain\n|-heal|p1a: Heatran|64/100|[from] item: Leftovers\n|-damage|p2a: Moltres|0 fnt|[from] move: Magma Storm|[partiallytrapped]\n|faint|p2a: Moltres\n|-fieldend|move: Grassy Terrain\n|upkeep\n|\n|t:|1790895682\n|switch|p2a: Zeraora|Zeraora|100/100\n|-activate|p2a: Zeraora|move: Sticky Web\n|-unboost|p2a: Zeraora|spe|1\n|turn|13\n|\n|t:|1790895686\n|move|p2a: Zeraora|Close Combat|p1a: Heatran\n|-supereffective|p1a: Heatran\n|-damage|p1a: Heatran|0 fnt\n|-unboost|p2a: Zeraora|def|1\n|-unboost|p2a: Zeraora|spd|1\n|faint|p1a: Heatran\n|\n|upkeep\n|\n|t:|1790895695\n|switch|p1a: Rapidash|Rapidash-Galar, F|100/100\n|turn|14\n|\n|t:|1790895700\n|move|p1a: Rapidash|Swords Dance|p1a: Rapidash\n|-boost|p1a: Rapidash|atk|2\n|move|p2a: Zeraora|Knock Off|p1a: Rapidash\n|-damage|p1a: Rapidash|44/100\n|-enditem|p1a: Rapidash|Leftovers|[from] move: Knock Off|[of] p2a: Zeraora\n|\n|upkeep\n|turn|15\n|\n|t:|1790895709\n|move|p1a: Rapidash|Drill Run|p2a: Zeraora\n|-supereffective|p2a: Zeraora\n|-damage|p2a: Zeraora|0 fnt\n|faint|p2a: Zeraora\n|\n|upkeep\n|\n|t:|1790895714\n|switch|p2a: Dragapult|Dragapult, F|100/100\n|-activate|p2a: Dragapult|move: Sticky Web\n|-unboost|p2a: Dragapult|spe|1\n|turn|16\n|\n|t:|1790895719\n|move|p1a: Rapidash|Play Rough|p2a: Dragapult\n|-supereffective|p2a: Dragapult\n|-enditem|p2a: Dragapult|Focus Sash\n|-damage|p2a: Dragapult|1/100\n|move|p2a: Dragapult|Shadow Ball|p1a: Rapidash\n|-supereffective|p1a: Rapidash\n|-damage|p1a: Rapidash|0 fnt\n|faint|p1a: Rapidash\n|\n|upkeep\n|\n|t:|1790895727\n|switch|p1a: Ribombee|Ribombee, F|1/100\n|turn|17\n|\n|t:|1790895731\n|move|p1a: Ribombee|Moonblast|p2a: Dragapult\n|-supereffective|p2a: Dragapult\n|-damage|p2a: Dragapult|0 fnt\n|faint|p2a: Dragapult\n|\n|upkeep\n|\n|t:|1790895733\n|switch|p2a: Cinccino|Cinccino, F|100/100\n|-activate|p2a: Cinccino|move: Sticky Web\n|-unboost|p2a: Cinccino|spe|1\n|turn|18\n|\n|t:|1790895740\n|move|p1a: Ribombee|Stun Spore|p2a: Cinccino\n|-status|p2a: Cinccino|par\n|move|p2a: Cinccino|Bullet Seed|p1a: Ribombee\n|-resisted|p1a: Ribombee\n|-damage|p1a: Ribombee|0 fnt\n|faint|p1a: Ribombee\n|-hitcount|p1: Ribombee|1\n|\n|upkeep\n|\n|t:|1790895749\n|switch|p1a: Dragapult|Dragapult, M|100/100\n|turn|19\n|\n|t:|1790895753\n|move|p1a: Dragapult|Dragon Dance|p1a: Dragapult\n|-boost|p1a: Dragapult|atk|1\n|-boost|p1a: Dragapult|spe|1\n|move|p2a: Cinccino|Bullet Seed|p1a: Dragapult\n|-resisted|p1a: Dragapult\n|-damage|p1a: Dragapult|94/100\n|-resisted|p1a: Dragapult\n|-damage|p1a: Dragapult|87/100\n|-resisted|p1a: Dragapult\n|-damage|p1a: Dragapult|80/100\n|-resisted|p1a: Dragapult\n|-damage|p1a: Dragapult|73/100\n|-hitcount|p1a: Dragapult|4\n|\n|-heal|p1a: Dragapult|79/100|[from] item: Leftovers\n|upkeep\n|turn|20\n|\n|t:|1790895765\n|move|p1a: Dragapult|Dragon Dance|p1a: Dragapult\n|-boost|p1a: Dragapult|atk|1\n|-boost|p1a: Dragapult|spe|1\n|move|p2a: Cinccino|Bullet Seed|p1a: Dragapult\n|-resisted|p1a: Dragapult\n|-damage|p1a: Dragapult|71/100\n|-resisted|p1a: Dragapult\n|-damage|p1a: Dragapult|64/100\n|-resisted|p1a: Dragapult\n|-damage|p1a: Dragapult|56/100\n|-resisted|p1a: Dragapult\n|-damage|p1a: Dragapult|49/100\n|-resisted|p1a: Dragapult\n|-damage|p1a: Dragapult|42/100\n|-hitcount|p1a: Dragapult|5\n|\n|-heal|p1a: Dragapult|48/100|[from] item: Leftovers\n|upkeep\n|turn|21\n|\n|t:|1790895779\n|switch|p2a: Barraskewda|Barraskewda, M|100/100\n|-activate|p2a: Barraskewda|move: Sticky Web\n|-unboost|p2a: Barraskewda|spe|1\n|move|p1a: Dragapult|Dragon Darts|p2a: Barraskewda\n|-damage|p2a: Barraskewda|0 fnt\n|faint|p2a: Barraskewda\n|\n|-heal|p1a: Dragapult|54/100|[from] item: Leftovers\n|upkeep\n|\n|t:|1790895781\n|switch|p2a: Cinccino|Cinccino, F|100/100 par\n|-activate|p2a: Cinccino|move: Sticky Web\n|-unboost|p2a: Cinccino|spe|1\n|turn|22\n|\n|t:|1790895791\n|move|p1a: Dragapult|Dragon Darts|p2a: Cinccino\n|-damage|p2a: Cinccino|4/100 par\n|-anim|p1a: Dragapult|Dragon Darts|p2a: Cinccino\n|-damage|p2a: Cinccino|0 fnt\n|faint|p2a: Cinccino\n|\n|win|CranberryHabits\n|raw|CranberryHabits's rating: 1068 &rarr; <strong>1092</strong><br />(+24 for winning)\n|raw|TimurGoesWild's rating: 1000 &rarr; <strong>1000</strong><br />(+0 for losing)\n|l|\u2606TimurGoesWild\n|player|p2|\n", "uploadtime": 1790895797, "views": "4", "formatid": "gen8ou", "rating": 1000, "private": 0, "password": null}