{"id": "gen8ou-2692847939", "format": "[Gen 8] OU", "players": ["goatzn", "Ntilikina"], "log": "|j|\u2606goatzn\n|j|\u2606Ntilikina\n|inactive|Battle timer is ON: inactive players will automatically lose when time's up.\n|t:|1791147898\n|gametype|singles\n|player|p1|goatzn|rocketexecutive-gen2|\n|player|p2|Ntilikina|nita|\n|gen|8\n|tier|[Gen 8] OU\n|rated|Tournament battle\n|rule|HP Percentage Mod: HP is shown in percentages\n|rule|Endless Battle Clause: Forcing endless battles is banned\n|rule|Sleep Clause Mod: Limit one foe put to sleep\n|rule|Species Clause: Limit one of each Pok\u00e9mon\n|rule|OHKO Clause: OHKO moves are banned\n|rule|Evasion Items Clause: Evasion items are banned\n|rule|Evasion Moves Clause: Evasion moves are banned\n|raw|<div class=\"infobox\"><details class=\"readmore\" open><summary><strong>1 custom rule:</strong></summary> !dynamaxclause</details></div>\n|clearpoke\n|poke|p1|Landorus-Therian, M|\n|poke|p1|Dragapult, F|\n|poke|p1|Melmetal|\n|poke|p1|Heatran, M|\n|poke|p1|Zapdos|\n|poke|p1|Urshifu-*, M|\n|poke|p2|Pelipper, F|\n|poke|p2|Barraskewda, F|\n|poke|p2|Tapu Lele|\n|poke|p2|Ferrothorn, M|\n|poke|p2|Zapdos|\n|poke|p2|Garchomp, F|\n|teampreview\n|j|*Lady Monita \n|c|\u2606goatzn|glhf\n|inactive|goatzn has 120 seconds left.\n|inactive|Ntilikina has 120 seconds left.\n|\n|t:|1791147942\n|teamsize|p1|6\n|teamsize|p2|6\n|start\n|switch|p1a: Landorus|Landorus-Therian, M|100/100\n|switch|p2a: Garchomp|Garchomp, F|100/100\n|-ability|p1a: Landorus|Intimidate|boost\n|-unboost|p2a: Garchomp|atk|1\n|turn|1\n|inactive|Ntilikina has 120 seconds left.\n|\n|t:|1791147980\n|move|p2a: Garchomp|Swords Dance|p2a: Garchomp\n|-boost|p2a: Garchomp|atk|2\n|move|p1a: Landorus|Stealth Rock|p2a: Garchomp\n|-sidestart|p2: Ntilikina|move: Stealth Rock\n|\n|upkeep\n|turn|2\n|inactive|Ntilikina has 120 seconds left.\n|inactive|goatzn has 120 seconds left.\n|\n|t:|1791148017\n|move|p2a: Garchomp|Aqua Tail|p1a: Landorus\n|-supereffective|p1a: Landorus\n|-damage|p1a: Landorus|41/100\n|move|p1a: Landorus|Toxic|p2a: Garchomp\n|-status|p2a: Garchomp|tox\n|\n|-heal|p1a: Landorus|47/100|[from] item: Leftovers\n|-damage|p2a: Garchomp|94/100 tox|[from] psn\n|upkeep\n|turn|3\n|inactive|goatzn has 120 seconds left.\n|\n|t:|1791148023\n|switch|p1a: Zapdos|Zapdos|100/100\n|move|p2a: Garchomp|Stealth Rock|p1a: Zapdos\n|-sidestart|p1: goatzn|move: Stealth Rock\n|\n|-heal|p2a: Garchomp|100/100 tox|[from] item: Leftovers\n|-damage|p2a: Garchomp|88/100 tox|[from] psn\n|upkeep\n|turn|4\n|\n|t:|1791148037\n|switch|p1a: Landorus|Landorus-Therian, M|47/100\n|-damage|p1a: Landorus|35/100|[from] Stealth Rock\n|-ability|p1a: Landorus|Intimidate|boost\n|-unboost|p2a: Garchomp|atk|1\n|move|p2a: Garchomp|Aqua Tail|p1a: Landorus\n|-supereffective|p1a: Landorus\n|-damage|p1a: Landorus|0 fnt\n|faint|p1a: Landorus\n|\n|-heal|p2a: Garchomp|94/100 tox|[from] item: Leftovers\n|-damage|p2a: Garchomp|76/100 tox|[from] psn\n|upkeep\n|inactive|goatzn has 120 seconds left.\n|\n|t:|1791148074\n|switch|p1a: Dragapult|Dragapult, F|100/100\n|-damage|p1a: Dragapult|88/100|[from] Stealth Rock\n|turn|5\n|inactive|Ntilikina has 120 seconds left.\n|\n|t:|1791148105\n|move|p1a: Dragapult|U-turn|p2a: Garchomp\n|-damage|p2a: Garchomp|58/100 tox\n|-damage|p1a: Dragapult|76/100|[from] ability: Rough Skin|[of] p2a: Garchomp\n|\n|t:|1791148116\n|switch|p1a: Zapdos|Zapdos|100/100|[from] U-turn\n|move|p2a: Garchomp|Earthquake|p1a: Zapdos\n|-immune|p1a: Zapdos\n|\n|-heal|p2a: Garchomp|64/100 tox|[from] item: Leftovers\n|-damage|p2a: Garchomp|39/100 tox|[from] psn\n|upkeep\n|turn|6\n|inactive|Ntilikina has 120 seconds left.\n|\n|t:|1791148127\n|-start|p1a: Zapdos|Dynamax|\n|-heal|p1a: Zapdos|100/100|[silent]\n|move|p2a: Garchomp|Aqua Tail|p1a: Zapdos\n|-damage|p1a: Zapdos|88/100\n|move|p1a: Zapdos|Max Airstream|p2a: Garchomp\n|-damage|p2a: Garchomp|0 fnt\n|-boost|p1a: Zapdos|spe|1\n|faint|p2a: Garchomp\n|\n|upkeep\n|\n|t:|1791148142\n|switch|p2a: Zapdos|Zapdos|100/100\n|turn|7\n|\n|t:|1791148146\n|move|p1a: Zapdos|Max Lightning|p2a: Zapdos\n|-damage|p2a: Zapdos|36/100\n|-fieldstart|move: Electric Terrain\n|move|p2a: Zapdos|Roost|p2a: Zapdos\n|-heal|p2a: Zapdos|86/100\n|-singleturn|p2a: Zapdos|move: Roost\n|\n|upkeep\n|turn|8\n|inactive|Ntilikina has 120 seconds left.\n|\n|t:|1791148161\n|move|p1a: Zapdos|Max Airstream|p2a: Zapdos\n|-resisted|p2a: Zapdos\n|-damage|p2a: Zapdos|54/100\n|-boost|p1a: Zapdos|spe|1\n|move|p2a: Zapdos|Thunder|p1a: Zapdos\n|-damage|p1a: Zapdos|63/100\n|\n|upkeep\n|-end|p1a: Zapdos|Dynamax\n|-heal|p1a: Zapdos|63/100|[silent]\n|turn|9\n|inactive|Ntilikina has 120 seconds left.\n|\n|t:|1791148172\n|move|p1a: Zapdos|Discharge|p2a: Zapdos\n|-damage|p2a: Zapdos|13/100\n|move|p2a: Zapdos|Thunder|p1a: Zapdos|[miss]\n|-miss|p2a: Zapdos|p1a: Zapdos\n|\n|upkeep\n|turn|10\n|\n|t:|1791148177\n|move|p1a: Zapdos|Discharge|p2a: Zapdos\n|-damage|p2a: Zapdos|0 fnt\n|faint|p2a: Zapdos\n|\n|upkeep\n|\n|t:|1791148180\n|switch|p2a: Tapu Lele|Tapu Lele|100/100\n|-damage|p2a: Tapu Lele|88/100|[from] Stealth Rock\n|-fieldstart|move: Psychic Terrain|[from] ability: Psychic Surge|[of] p2a: Tapu Lele\n|turn|11\n|\n|t:|1791148187\n|move|p1a: Zapdos|Roost|p1a: Zapdos\n|-heal|p1a: Zapdos|100/100\n|-singleturn|p1a: Zapdos|move: Roost\n|move|p2a: Tapu Lele|Psyshock|p1a: Zapdos\n|-damage|p1a: Zapdos|38/100\n|\n|upkeep\n|turn|12\n|\n|t:|1791148194\n|move|p1a: Zapdos|Roost|p1a: Zapdos\n|-heal|p1a: Zapdos|88/100\n|-singleturn|p1a: Zapdos|move: Roost\n|move|p2a: Tapu Lele|Psyshock|p1a: Zapdos\n|-damage|p1a: Zapdos|29/100\n|\n|upkeep\n|turn|13\n|\n|t:|1791148203\n|switch|p1a: Melmetal|Melmetal|100/100\n|-damage|p1a: Melmetal|94/100|[from] Stealth Rock\n|move|p2a: Tapu Lele|Psyshock|p1a: Melmetal\n|-resisted|p1a: Melmetal\n|-crit|p1a: Melmetal\n|-damage|p1a: Melmetal|62/100\n|\n|-heal|p1a: Melmetal|68/100|[from] item: Leftovers\n|upkeep\n|turn|14\n|\n|t:|1791148211\n|switch|p2a: Ferrothorn|Ferrothorn, M|100/100\n|-damage|p2a: Ferrothorn|94/100|[from] Stealth Rock\n|move|p1a: Melmetal|Double Iron Bash|p2a: Ferrothorn\n|-resisted|p2a: Ferrothorn\n|-damage|p2a: Ferrothorn|77/100\n|-damage|p1a: Melmetal|56/100|[from] ability: Iron Barbs|[of] p2a: Ferrothorn\n|-damage|p1a: Melmetal|39/100|[from] item: Rocky Helmet|[of] p2a: Ferrothorn\n|-resisted|p2a: Ferrothorn\n|-damage|p2a: Ferrothorn|60/100\n|-damage|p1a: Melmetal|27/100|[from] ability: Iron Barbs|[of] p2a: Ferrothorn\n|-damage|p1a: Melmetal|10/100|[from] item: Rocky Helmet|[of] p2a: Ferrothorn\n|-hitcount|p2a: Ferrothorn|2\n|\n|-heal|p1a: Melmetal|16/100|[from] item: Leftovers\n|upkeep\n|turn|15\n|\n|t:|1791148226\n|switch|p2a: Pelipper|Pelipper, F|100/100\n|-damage|p2a: Pelipper|76/100|[from] Stealth Rock\n|-weather|RainDance|[from] ability: Drizzle|[of] p2a: Pelipper\n|move|p1a: Melmetal|Superpower|p2a: Pelipper\n|-resisted|p2a: Pelipper\n|-damage|p2a: Pelipper|56/100\n|-unboost|p1a: Melmetal|atk|1\n|-unboost|p1a: Melmetal|def|1\n|\n|-weather|RainDance|[upkeep]\n|-heal|p1a: Melmetal|22/100|[from] item: Leftovers\n|-fieldend|move: Psychic Terrain\n|upkeep\n|turn|16\n|\n|t:|1791148249\n|move|p2a: Pelipper|Scald|p1a: Melmetal\n|-damage|p1a: Melmetal|0 fnt\n|faint|p1a: Melmetal\n|\n|-weather|RainDance|[upkeep]\n|upkeep\n|\n|t:|1791148253\n|switch|p1a: Urshifu|Urshifu-Rapid-Strike, M|100/100\n|-damage|p1a: Urshifu|94/100|[from] Stealth Rock\n|turn|17\n|\n|t:|1791148261\n|switch|p2a: Ferrothorn|Ferrothorn, M|60/100\n|-damage|p2a: Ferrothorn|53/100|[from] Stealth Rock\n|move|p1a: Urshifu|U-turn|p2a: Ferrothorn\n|-damage|p2a: Ferrothorn|34/100\n|-damage|p1a: Urshifu|82/100|[from] ability: Iron Barbs|[of] p2a: Ferrothorn\n|-damage|p1a: Urshifu|65/100|[from] item: Rocky Helmet|[of] p2a: Ferrothorn\n|\n|t:|1791148284\n|switch|p1a: Zapdos|Zapdos|29/100|[from] U-turn\n|\n|-weather|RainDance|[upkeep]\n|upkeep\n|turn|18\n|\n|t:|1791148290\n|move|p1a: Zapdos|Roost|p1a: Zapdos\n|-heal|p1a: Zapdos|79/100\n|-singleturn|p1a: Zapdos|move: Roost\n|move|p2a: Ferrothorn|Leech Seed|p1a: Zapdos\n|-start|p1a: Zapdos|move: Leech Seed\n|\n|-weather|RainDance|[upkeep]\n|-damage|p1a: Zapdos|67/100|[from] Leech Seed|[of] p2a: Ferrothorn\n|-heal|p2a: Ferrothorn|47/100|[silent]\n|upkeep\n|turn|19\n|\n|t:|1791148300\n|move|p1a: Zapdos|Hurricane|p2a: Ferrothorn\n|-damage|p2a: Ferrothorn|17/100\n|move|p2a: Ferrothorn|Spikes|p1a: Zapdos\n|-sidestart|p1: goatzn|Spikes\n|\n|-weather|RainDance|[upkeep]\n|-damage|p1a: Zapdos|55/100|[from] Leech Seed|[of] p2a: Ferrothorn\n|-heal|p2a: Ferrothorn|30/100|[silent]\n|upkeep\n|turn|20\n|\n|t:|1791148309\n|move|p1a: Zapdos|Roost|p1a: Zapdos\n|-heal|p1a: Zapdos|100/100\n|-singleturn|p1a: Zapdos|move: Roost\n|move|p2a: Ferrothorn|Power Whip|p1a: Zapdos\n|-damage|p1a: Zapdos|73/100\n|\n|-weather|RainDance|[upkeep]\n|-damage|p1a: Zapdos|61/100|[from] Leech Seed|[of] p2a: Ferrothorn\n|-heal|p2a: Ferrothorn|43/100|[silent]\n|upkeep\n|turn|21\n|\n|t:|1791148322\n|move|p1a: Zapdos|Defog|p2a: Ferrothorn\n|-unboost|p2a: Ferrothorn|evasion|1\n|-sideend|p2: Ntilikina|Stealth Rock|[from] move: Defog|[of] p1a: Zapdos\n|-sideend|p1: goatzn|Spikes|[from] move: Defog|[of] p1a: Zapdos\n|-sideend|p1: goatzn|Stealth Rock|[from] move: Defog|[of] p1a: Zapdos\n|move|p2a: Ferrothorn|Spikes|p1a: Zapdos\n|-sidestart|p1: goatzn|Spikes\n|\n|-weather|RainDance|[upkeep]\n|-damage|p1a: Zapdos|49/100|[from] Leech Seed|[of] p2a: Ferrothorn\n|-heal|p2a: Ferrothorn|57/100|[silent]\n|upkeep\n|turn|22\n|\n|t:|1791148331\n|move|p1a: Zapdos|Roost|p1a: Zapdos\n|-heal|p1a: Zapdos|99/100\n|-singleturn|p1a: Zapdos|move: Roost\n|move|p2a: Ferrothorn|Knock Off|p1a: Zapdos\n|-damage|p1a: Zapdos|83/100\n|-status|p2a: Ferrothorn|par|[from] ability: Static|[of] p1a: Zapdos\n|-enditem|p1a: Zapdos|Heavy-Duty Boots|[from] move: Knock Off|[of] p2a: Ferrothorn\n|\n|-weather|none\n|-damage|p1a: Zapdos|71/100|[from] Leech Seed|[of] p2a: Ferrothorn\n|-heal|p2a: Ferrothorn|70/100 par|[silent]\n|upkeep\n|turn|23\n|\n|t:|1791148339\n|switch|p1a: Heatran|Heatran, M|100/100\n|-damage|p1a: Heatran|88/100|[from] Spikes\n|switch|p2a: Pelipper|Pelipper, F|56/100\n|-weather|RainDance|[from] ability: Drizzle|[of] p2a: Pelipper\n|\n|-weather|RainDance|[upkeep]\n|-heal|p1a: Heatran|94/100|[from] item: Leftovers\n|upkeep\n|turn|24\n|\n|t:|1791148368\n|move|p1a: Heatran|Toxic|p2a: Pelipper\n|-status|p2a: Pelipper|tox\n|move|p2a: Pelipper|U-turn|p1a: Heatran\n|-resisted|p1a: Heatran\n|-damage|p1a: Heatran|92/100\n|\n|t:|1791148372\n|switch|p2a: Barraskewda|Barraskewda, F|100/100|[from] U-turn\n|\n|-weather|RainDance|[upkeep]\n|-heal|p1a: Heatran|99/100|[from] item: Leftovers\n|upkeep\n|turn|25\n|\n|t:|1791148378\n|move|p1a: Heatran|Protect|p1a: Heatran\n|-singleturn|p1a: Heatran|Protect\n|move|p2a: Barraskewda|Liquidation|p1a: Heatran\n|-activate|p1a: Heatran|move: Protect\n|\n|-weather|RainDance|[upkeep]\n|-heal|p1a: Heatran|100/100|[from] item: Leftovers\n|upkeep\n|turn|26\n|\n|t:|1791148384\n|switch|p1a: Dragapult|Dragapult, F|76/100\n|-damage|p1a: Dragapult|64/100|[from] Spikes\n|move|p2a: Barraskewda|Liquidation|p1a: Dragapult\n|-resisted|p1a: Dragapult\n|-damage|p1a: Dragapult|0 fnt\n|faint|p1a: Dragapult\n|\n|-weather|RainDance|[upkeep]\n|upkeep\n|\n|t:|1791148390\n|switch|p1a: Urshifu|Urshifu-Rapid-Strike, M|65/100\n|-damage|p1a: Urshifu|53/100|[from] Spikes\n|turn|27\n|\n|t:|1791148399\n|switch|p2a: Ferrothorn|Ferrothorn, M|70/100 par\n|move|p1a: Urshifu|Close Combat|p2a: Ferrothorn\n|-supereffective|p2a: Ferrothorn\n|-damage|p2a: Ferrothorn|0 fnt\n|-unboost|p1a: Urshifu|def|1\n|-unboost|p1a: Urshifu|spd|1\n|-damage|p1a: Urshifu|41/100|[from] ability: Iron Barbs|[of] p2a: Ferrothorn\n|-damage|p1a: Urshifu|24/100|[from] item: Rocky Helmet|[of] p2a: Ferrothorn\n|faint|p2a: Ferrothorn\n|\n|-weather|RainDance|[upkeep]\n|upkeep\n|\n|t:|1791148411\n|switch|p2a: Barraskewda|Barraskewda, F|100/100\n|turn|28\n|\n|t:|1791148434\n|move|p2a: Barraskewda|Flip Turn|p1a: Urshifu\n|-resisted|p1a: Urshifu\n|-crit|p1a: Urshifu\n|-damage|p1a: Urshifu|0 fnt\n|faint|p1a: Urshifu\n|\n|t:|1791148444\n|switch|p2a: Tapu Lele|Tapu Lele|88/100|[from] Flip Turn\n|-fieldstart|move: Psychic Terrain|[from] ability: Psychic Surge|[of] p2a: Tapu Lele\n|\n|-weather|RainDance|[upkeep]\n|upkeep\n|\n|t:|1791148451\n|switch|p1a: Heatran|Heatran, M|100/100\n|-damage|p1a: Heatran|88/100|[from] Spikes\n|turn|29\n|\n|t:|1791148458\n|switch|p2a: Barraskewda|Barraskewda, F|100/100\n|move|p1a: Heatran|Magma Storm|p2a: Barraskewda\n|-resisted|p2a: Barraskewda\n|-damage|p2a: Barraskewda|75/100\n|-activate|p2a: Barraskewda|move: Magma Storm|[of] p1a: Heatran\n|\n|-weather|RainDance|[upkeep]\n|-heal|p1a: Heatran|94/100|[from] item: Leftovers\n|-damage|p2a: Barraskewda|63/100|[from] move: Magma Storm|[partiallytrapped]\n|upkeep\n|turn|30\n|\n|t:|1791148469\n|move|p1a: Heatran|Protect|p1a: Heatran\n|-singleturn|p1a: Heatran|Protect\n|move|p2a: Barraskewda|Flip Turn|p1a: Heatran\n|-activate|p1a: Heatran|move: Protect\n|\n|-weather|none\n|-heal|p1a: Heatran|100/100|[from] item: Leftovers\n|-damage|p2a: Barraskewda|51/100|[from] move: Magma Storm|[partiallytrapped]\n|upkeep\n|turn|31\n|\n|t:|1791148478\n|switch|p1a: Zapdos|Zapdos|71/100\n|move|p2a: Barraskewda|Flip Turn|p1a: Zapdos\n|-damage|p1a: Zapdos|33/100\n|\n|t:|1791148485\n|switch|p2a: Tapu Lele|Tapu Lele|88/100|[from] Flip Turn\n|\n|upkeep\n|turn|32\n|\n|t:|1791148496\n|move|p2a: Tapu Lele|Psyshock|p1a: Zapdos\n|-damage|p1a: Zapdos|0 fnt\n|faint|p1a: Zapdos\n|\n|-fieldend|move: Psychic Terrain\n|upkeep\n|\n|t:|1791148499\n|switch|p1a: Heatran|Heatran, M|100/100\n|-damage|p1a: Heatran|88/100|[from] Spikes\n|turn|33\n|j| shadowtree87\n|\n|t:|1791148519\n|move|p2a: Tapu Lele|Psyshock|p1a: Heatran\n|-resisted|p1a: Heatran\n|-damage|p1a: Heatran|57/100\n|move|p1a: Heatran|Magma Storm|p2a: Tapu Lele|[miss]\n|-miss|p1a: Heatran|p2a: Tapu Lele\n|\n|-heal|p1a: Heatran|63/100|[from] item: Leftovers\n|upkeep\n|turn|34\n|\n|t:|1791148545\n|move|p1a: Heatran|Protect|p1a: Heatran\n|-singleturn|p1a: Heatran|Protect\n|move|p2a: Tapu Lele|Psyshock|p1a: Heatran\n|-activate|p1a: Heatran|move: Protect\n|\n|-heal|p1a: Heatran|69/100|[from] item: Leftovers\n|upkeep\n|turn|35\n|\n|t:|1791148556\n|move|p2a: Tapu Lele|Psyshock|p1a: Heatran\n|-resisted|p1a: Heatran\n|-damage|p1a: Heatran|41/100\n|move|p1a: Heatran|Magma Storm|p2a: Tapu Lele\n|-damage|p2a: Tapu Lele|39/100\n|-activate|p2a: Tapu Lele|move: Magma Storm|[of] p1a: Heatran\n|\n|-heal|p1a: Heatran|48/100|[from] item: Leftovers\n|-damage|p2a: Tapu Lele|26/100|[from] move: Magma Storm|[partiallytrapped]\n|upkeep\n|turn|36\n|\n|t:|1791148577\n|move|p1a: Heatran|Protect|p1a: Heatran\n|-singleturn|p1a: Heatran|Protect\n|move|p2a: Tapu Lele|Psyshock|p1a: Heatran\n|-activate|p1a: Heatran|move: Protect\n|\n|-heal|p1a: Heatran|54/100|[from] item: Leftovers\n|-damage|p2a: Tapu Lele|14/100|[from] move: Magma Storm|[partiallytrapped]\n|upkeep\n|turn|37\n|\n|t:|1791148580\n|move|p1a: Heatran|Protect||[still]\n|-fail|p1a: Heatran\n|move|p2a: Tapu Lele|Psyshock|p1a: Heatran\n|-resisted|p1a: Heatran\n|-damage|p1a: Heatran|27/100\n|\n|-heal|p1a: Heatran|33/100|[from] item: Leftovers\n|-damage|p2a: Tapu Lele|2/100|[from] move: Magma Storm|[partiallytrapped]\n|upkeep\n|turn|38\n|\n|t:|1791148585\n|move|p1a: Heatran|Protect|p1a: Heatran\n|-singleturn|p1a: Heatran|Protect\n|move|p2a: Tapu Lele|Psyshock|p1a: Heatran\n|-activate|p1a: Heatran|move: Protect\n|\n|-heal|p1a: Heatran|39/100|[from] item: Leftovers\n|-damage|p2a: Tapu Lele|0 fnt|[from] move: Magma Storm|[partiallytrapped]\n|faint|p2a: Tapu Lele\n|upkeep\n|\n|t:|1791148586\n|switch|p2a: Pelipper|Pelipper, F|56/100 tox\n|-weather|RainDance|[from] ability: Drizzle|[of] p2a: Pelipper\n|turn|39\n|\n|t:|1791148591\n|move|p1a: Heatran|Magma Storm|p2a: Pelipper\n|-resisted|p2a: Pelipper\n|-damage|p2a: Pelipper|42/100 tox\n|-activate|p2a: Pelipper|move: Magma Storm|[of] p1a: Heatran\n|move|p2a: Pelipper|Scald|p1a: Heatran\n|-supereffective|p1a: Heatran\n|-crit|p1a: Heatran\n|-damage|p1a: Heatran|0 fnt\n|faint|p1a: Heatran\n|\n|win|Ntilikina\n|n|\u2606goatzn|goatzn\n|n|\u2606Ntilikina|ntilikina\n|n|*Lady Monita |ladymonita\n|n| shadowtree87|shadowtree87\n", "uploadtime": 1791148591, "views": "6", "formatid": "gen8ou", "rating": null, "private": 0, "password": null}