{"id": "gen8ou-2692782391", "format": "[Gen 8] OU", "players": ["chuli004", "ImFeelPunk"], "log": "|j|\u2606chuli004\n|j|\u2606ImFeelPunk\n|t:|1791139129\n|gametype|singles\n|player|p1|chuli004|mars|\n|player|p2|ImFeelPunk|adaman|\n|gen|8\n|tier|[Gen 8] OU\n|rule|HP Percentage Mod: HP is shown in percentages\n|rule|Endless Battle Clause: Forcing endless battles is banned\n|rule|Sleep Clause Mod: Limit one foe put to sleep\n|rule|Species Clause: Limit one of each Pok\u00e9mon\n|rule|OHKO Clause: OHKO moves are banned\n|rule|Evasion Items Clause: Evasion items are banned\n|rule|Evasion Moves Clause: Evasion moves are banned\n|rule|Dynamax Clause: You cannot dynamax\n|clearpoke\n|poke|p1|Kartana|\n|poke|p1|Landorus-Therian, M|\n|poke|p1|Zapdos|\n|poke|p1|Tapu Lele|\n|poke|p1|Toxapex, M|\n|poke|p1|Dragonite, M|\n|poke|p2|Corviknight, M|\n|poke|p2|Garchomp, F|\n|poke|p2|Rillaboom, F|\n|poke|p2|Toxapex, F|\n|poke|p2|Incineroar, M|\n|poke|p2|Regieleki|\n|teampreview\n|c|\u2606chuli004|Suerte\n|c|\u2606ImFeelPunk|Suerte bro\n|j| Shemages\n|c|\u2606chuli004|Espera lo subire al grupo\n|j| tiagodetonador\n|j| Galyon13\n|c| tiagodetonador|:3\n|\n|t:|1791139192\n|teamsize|p1|6\n|teamsize|p2|6\n|start\n|switch|p1a: Zapdos|Zapdos|100/100\n|switch|p2a: Incineroar|Incineroar, M|100/100\n|-ability|p2a: Incineroar|Intimidate|boost\n|-unboost|p1a: Zapdos|atk|1\n|turn|1\n|l| Shemages\n|j| pain2007\n|c| Galyon13|Vamos chuli\n|c| tiagodetonador|chuli te amo :3\n|\n|t:|1791139213\n|move|p1a: Zapdos|Hurricane|p2a: Incineroar|[miss]\n|-miss|p1a: Zapdos|p2a: Incineroar\n|move|p2a: Incineroar|Knock Off|p1a: Zapdos\n|-damage|p1a: Zapdos|43/100\n|-enditem|p1a: Zapdos|Heavy-Duty Boots|[from] move: Knock Off|[of] p2a: Incineroar\n|\n|upkeep\n|turn|2\n|j| Shemages\n|\n|t:|1791139227\n|move|p1a: Zapdos|Volt Switch|p2a: Incineroar\n|-damage|p2a: Incineroar|64/100\n|\n|t:|1791139232\n|switch|p1a: Landorus|Landorus-Therian, M|100/100|[from] Volt Switch\n|-ability|p1a: Landorus|Intimidate|boost\n|-unboost|p2a: Incineroar|atk|1\n|move|p2a: Incineroar|Darkest Lariat|p1a: Landorus\n|-damage|p1a: Landorus|64/100\n|\n|-heal|p1a: Landorus|69/100|[from] item: Leftovers\n|upkeep\n|turn|3\n|c| Shemages|INCI\n|c| pain2007|Soy yo o el team q est\u00e1 llevando parece mucho m\u00e1s de doubles q de Singles\n|\n|t:|1791139249\n|switch|p2a: Corviknight|Corviknight, M|100/100\n|-ability|p2a: Corviknight|Pressure\n|move|p1a: Landorus|Stealth Rock|p2a: Corviknight\n|-sidestart|p2: ImFeelPunk|move: Stealth Rock\n|\n|-heal|p1a: Landorus|75/100|[from] item: Leftovers\n|upkeep\n|turn|4\n|\n|t:|1791139260\n|switch|p2a: Incineroar|Incineroar, M|64/100\n|-ability|p2a: Incineroar|Intimidate|boost\n|-unboost|p1a: Landorus|atk|1\n|move|p1a: Landorus|Knock Off|p2a: Incineroar\n|-resisted|p2a: Incineroar\n|-damage|p2a: Incineroar|52/100\n|-enditem|p2a: Incineroar|Heavy-Duty Boots|[from] move: Knock Off|[of] p1a: Landorus\n|\n|-heal|p1a: Landorus|81/100|[from] item: Leftovers\n|upkeep\n|turn|5\n|l| Shemages\n|\n|t:|1791139274\n|move|p1a: Landorus|Earthquake|p2a: Incineroar\n|-supereffective|p2a: Incineroar\n|-damage|p2a: Incineroar|0 fnt\n|faint|p2a: Incineroar\n|\n|-heal|p1a: Landorus|87/100|[from] item: Leftovers\n|upkeep\n|\n|t:|1791139281\n|switch|p2a: Garchomp|Garchomp, F|100/100\n|-damage|p2a: Garchomp|94/100|[from] Stealth Rock\n|turn|6\n|\n|t:|1791139296\n|move|p2a: Garchomp|Swords Dance|p2a: Garchomp\n|-boost|p2a: Garchomp|atk|2\n|move|p1a: Landorus|Knock Off|p2a: Garchomp\n|-damage|p2a: Garchomp|68/100\n|-damage|p1a: Landorus|75/100|[from] ability: Rough Skin|[of] p2a: Garchomp\n|-enditem|p2a: Garchomp|Leftovers|[from] move: Knock Off|[of] p1a: Landorus\n|\n|-heal|p1a: Landorus|81/100|[from] item: Leftovers\n|upkeep\n|turn|7\n|l| pain2007\n|\n|t:|1791139307\n|move|p2a: Garchomp|Scale Shot|p1a: Landorus\n|-damage|p1a: Landorus|50/100\n|-damage|p1a: Landorus|22/100\n|-damage|p1a: Landorus|0 fnt\n|faint|p1a: Landorus\n|-hitcount|p1: Landorus|3\n|-unboost|p2a: Garchomp|def|1\n|-boost|p2a: Garchomp|spe|1\n|\n|upkeep\n|\n|t:|1791139317\n|switch|p1a: Dragonite|Dragonite, M|100/100\n|turn|8\n|\n|t:|1791139355\n|switch|p1a: Tapu Lele|Tapu Lele|100/100\n|-fieldstart|move: Psychic Terrain|[from] ability: Psychic Surge|[of] p1a: Tapu Lele\n|move|p2a: Garchomp|Scale Shot|p1a: Tapu Lele\n|-immune|p1a: Tapu Lele\n|\n|upkeep\n|turn|9\n|\n|t:|1791139375\n|switch|p2a: Toxapex|Toxapex, F|100/100\n|-damage|p2a: Toxapex|88/100|[from] Stealth Rock\n|move|p1a: Tapu Lele|Moonblast|p2a: Toxapex\n|-resisted|p2a: Toxapex\n|-damage|p2a: Toxapex|54/100\n|\n|-heal|p2a: Toxapex|61/100|[from] item: Black Sludge\n|upkeep\n|turn|10\n|\n|t:|1791139387\n|switch|p1a: Toxapex|Toxapex, M|100/100\n|move|p2a: Toxapex|Toxic|p1a: Toxapex\n|-immune|p1a: Toxapex\n|\n|-heal|p2a: Toxapex|67/100|[from] item: Black Sludge\n|upkeep\n|turn|11\n|\n|t:|1791139395\n|move|p1a: Toxapex|Scald|p2a: Toxapex\n|-resisted|p2a: Toxapex\n|-damage|p2a: Toxapex|59/100\n|move|p2a: Toxapex|Recover|p2a: Toxapex\n|-heal|p2a: Toxapex|100/100\n|\n|upkeep\n|turn|12\n|j| MESSI8837q8\n|\n|t:|1791139407\n|move|p1a: Toxapex|Scald|p2a: Toxapex\n|-resisted|p2a: Toxapex\n|-damage|p2a: Toxapex|93/100\n|move|p2a: Toxapex|Scald|p1a: Toxapex\n|-resisted|p1a: Toxapex\n|-damage|p1a: Toxapex|94/100\n|\n|-heal|p2a: Toxapex|99/100|[from] item: Black Sludge\n|-heal|p1a: Toxapex|100/100|[from] item: Black Sludge\n|-fieldend|move: Psychic Terrain\n|upkeep\n|turn|13\n|\n|t:|1791139428\n|switch|p2a: Rillaboom|Rillaboom, F|100/100\n|-damage|p2a: Rillaboom|88/100|[from] Stealth Rock\n|-fieldstart|move: Grassy Terrain|[from] ability: Grassy Surge|[of] p2a: Rillaboom\n|move|p1a: Toxapex|Scald|p2a: Rillaboom\n|-resisted|p2a: Rillaboom\n|-damage|p2a: Rillaboom|78/100\n|-status|p2a: Rillaboom|brn\n|\n|-heal|p2a: Rillaboom|84/100 brn|[from] Grassy Terrain\n|-heal|p2a: Rillaboom|90/100 brn|[from] item: Leftovers\n|-damage|p2a: Rillaboom|84/100 brn|[from] brn\n|upkeep\n|turn|14\n|\n|t:|1791139446\n|move|p2a: Rillaboom|Knock Off|p1a: Toxapex\n|-damage|p1a: Toxapex|89/100\n|-enditem|p1a: Toxapex|Black Sludge|[from] move: Knock Off|[of] p2a: Rillaboom\n|move|p1a: Toxapex|Scald|p2a: Rillaboom\n|-resisted|p2a: Rillaboom\n|-damage|p2a: Rillaboom|75/100 brn\n|\n|-heal|p2a: Rillaboom|81/100 brn|[from] Grassy Terrain\n|-heal|p2a: Rillaboom|88/100 brn|[from] item: Leftovers\n|-heal|p1a: Toxapex|96/100|[from] Grassy Terrain\n|-damage|p2a: Rillaboom|81/100 brn|[from] brn\n|upkeep\n|turn|15\n|\n|t:|1791139480\n|move|p2a: Rillaboom|Grassy Glide|p1a: Toxapex\n|-damage|p1a: Toxapex|79/100\n|move|p1a: Toxapex|Scald|p2a: Rillaboom\n|-resisted|p2a: Rillaboom\n|-damage|p2a: Rillaboom|71/100 brn\n|\n|-heal|p2a: Rillaboom|78/100 brn|[from] Grassy Terrain\n|-heal|p2a: Rillaboom|84/100 brn|[from] item: Leftovers\n|-heal|p1a: Toxapex|86/100|[from] Grassy Terrain\n|-damage|p2a: Rillaboom|78/100 brn|[from] brn\n|upkeep\n|turn|16\n|\n|t:|1791139491\n|switch|p2a: Regieleki|Regieleki|100/100\n|move|p1a: Toxapex|Scald|p2a: Regieleki\n|-damage|p2a: Regieleki|67/100\n|\n|-heal|p2a: Regieleki|73/100|[from] Grassy Terrain\n|-heal|p1a: Toxapex|92/100|[from] Grassy Terrain\n|upkeep\n|turn|17\n|\n|t:|1791139530\n|move|p2a: Regieleki|Electro Ball|p1a: Toxapex\n|-supereffective|p1a: Toxapex\n|-damage|p1a: Toxapex|0 fnt\n|faint|p1a: Toxapex\n|\n|-heal|p2a: Regieleki|79/100|[from] Grassy Terrain\n|-fieldend|move: Grassy Terrain\n|upkeep\n|\n|t:|1791139538\n|switch|p1a: Kartana|Kartana|100/100\n|turn|18\n|\n|t:|1791139547\n|move|p2a: Regieleki|Volt Switch|p1a: Kartana\n|-resisted|p1a: Kartana\n|-damage|p1a: Kartana|24/100\n|\n|t:|1791139550\n|switch|p2a: Corviknight|Corviknight, M|100/100|[from] Volt Switch\n|-damage|p2a: Corviknight|88/100|[from] Stealth Rock\n|-ability|p2a: Corviknight|Pressure\n|move|p1a: Kartana|Leaf Blade|p2a: Corviknight\n|-resisted|p2a: Corviknight\n|-damage|p2a: Corviknight|76/100\n|-damage|p1a: Kartana|7/100|[from] item: Rocky Helmet|[of] p2a: Corviknight\n|\n|upkeep\n|turn|19\n|\n|t:|1791139563\n|switch|p1a: Zapdos|Zapdos|43/100\n|move|p2a: Corviknight|Drill Peck|p1a: Zapdos\n|-resisted|p1a: Zapdos\n|-damage|p1a: Zapdos|27/100\n|-status|p2a: Corviknight|par|[from] ability: Static|[of] p1a: Zapdos\n|\n|upkeep\n|turn|20\n|\n|t:|1791139573\n|switch|p2a: Garchomp|Garchomp, F|68/100\n|-damage|p2a: Garchomp|62/100|[from] Stealth Rock\n|move|p1a: Zapdos|Roost|p1a: Zapdos\n|-heal|p1a: Zapdos|77/100\n|-singleturn|p1a: Zapdos|move: Roost\n|\n|upkeep\n|turn|21\n|j| Ignaa\n|\n|t:|1791139595\n|switch|p1a: Tapu Lele|Tapu Lele|100/100\n|-fieldstart|move: Psychic Terrain|[from] ability: Psychic Surge|[of] p1a: Tapu Lele\n|move|p2a: Garchomp|Swords Dance|p2a: Garchomp\n|-boost|p2a: Garchomp|atk|2\n|\n|upkeep\n|turn|22\n|\n|t:|1791139606\n|move|p2a: Garchomp|Earthquake|p1a: Tapu Lele\n|-damage|p1a: Tapu Lele|0 fnt\n|faint|p1a: Tapu Lele\n|\n|upkeep\n|\n|t:|1791139611\n|switch|p1a: Kartana|Kartana|7/100\n|turn|23\n|\n|t:|1791139615\n|move|p1a: Kartana|Leaf Blade|p2a: Garchomp\n|-damage|p2a: Garchomp|3/100\n|-damage|p1a: Kartana|0 fnt|[from] ability: Rough Skin|[of] p2a: Garchomp\n|faint|p1a: Kartana\n|move|p2a: Garchomp|Scale Shot|p1: Kartana|[notarget]\n|-fail|p2a: Garchomp\n|\n|upkeep\n|c|\u2606chuli004|Gg\n|\n|t:|1791139625\n|switch|p1a: Dragonite|Dragonite, M|100/100\n|turn|24\n|c|\u2606ImFeelPunk|gg\n|\n|t:|1791139632\n|move|p2a: Garchomp|Scale Shot|p1a: Dragonite\n|-supereffective|p1a: Dragonite\n|-damage|p1a: Dragonite|70/100\n|-supereffective|p1a: Dragonite\n|-damage|p1a: Dragonite|16/100\n|-supereffective|p1a: Dragonite\n|-damage|p1a: Dragonite|0 fnt\n|faint|p1a: Dragonite\n|-hitcount|p1: Dragonite|3\n|-unboost|p2a: Garchomp|def|1\n|-boost|p2a: Garchomp|spe|1\n|\n|upkeep\n|\n|t:|1791139639\n|switch|p1a: Zapdos|Zapdos|77/100\n|turn|25\n|l| Galyon13\n|\n|t:|1791139644\n|move|p2a: Garchomp|Scale Shot|p1a: Zapdos\n|-damage|p1a: Zapdos|48/100\n|-damage|p1a: Zapdos|18/100\n|-damage|p1a: Zapdos|0 fnt\n|faint|p1a: Zapdos\n|-hitcount|p1: Zapdos|3\n|\n|win|ImFeelPunk\n|c|\u2606chuli004|Gg\n|l| Ignaa\n|l| MESSI8837q8\n|j| Ignaa\n|l| Ignaa\n|c|\u2606ImFeelPunk|donde subo el combate o ya esta?\n|l|\u2606chuli004\n|player|p1|\n|j| Ignaa\n|l| Ignaa\n|j| Shemages\n", "uploadtime": 1791140034, "views": "20", "formatid": "gen8ou", "rating": null, "private": 0, "password": null}