{"id": "gen8ou-2694722219", "format": "[Gen 8] OU", "players": ["coolguycool69", "chris466"], "log": "|j|\u2606coolguycool69\n|j|\u2606chris466\n|t:|1791423192\n|gametype|singles\n|player|p1|coolguycool69|266|1086\n|player|p2|chris466|1|1259\n|gen|8\n|tier|[Gen 8] OU\n|rated|\n|rule|HP Percentage Mod: HP is shown in percentages\n|rule|Endless Battle Clause: Forcing endless battles is banned\n|rule|Sleep Clause Mod: Limit one foe put to sleep\n|rule|Species Clause: Limit one of each Pok\u00e9mon\n|rule|OHKO Clause: OHKO moves are banned\n|rule|Evasion Items Clause: Evasion items are banned\n|rule|Evasion Moves Clause: Evasion moves are banned\n|rule|Dynamax Clause: You cannot dynamax\n|clearpoke\n|poke|p1|Rotom-Wash|\n|poke|p1|Weavile, M|\n|poke|p1|Landorus-Therian, M|\n|poke|p1|Heatran, M|\n|poke|p1|Tangrowth, F|\n|poke|p1|Melmetal|\n|poke|p2|Ferrothorn, F|\n|poke|p2|Toxapex, M|\n|poke|p2|Keldeo-Resolute|\n|poke|p2|Zeraora|\n|poke|p2|Slowking-Galar, M|\n|poke|p2|Dragonite, F|\n|teampreview\n|inactive|Battle timer is ON: inactive players will automatically lose when time's up. (requested by chris466)\n|\n|t:|1791423211\n|teamsize|p1|6\n|teamsize|p2|6\n|start\n|switch|p1a: Landorus|Landorus-Therian, M|100/100\n|switch|p2a: Slowking|Slowking-Galar, M|100/100\n|-ability|p1a: Landorus|Intimidate|boost\n|-unboost|p2a: Slowking|atk|1\n|turn|1\n|\n|t:|1791423217\n|switch|p2a: Ferrothorn|Ferrothorn, F|100/100\n|move|p1a: Landorus|U-turn|p2a: Ferrothorn\n|-damage|p2a: Ferrothorn|87/100\n|-damage|p1a: Landorus|88/100|[from] ability: Iron Barbs|[of] p2a: Ferrothorn\n|\n|t:|1791423220\n|switch|p1a: Heatran|Heatran, M|100/100|[from] U-turn\n|-item|p1a: Heatran|Air Balloon\n|\n|-heal|p2a: Ferrothorn|93/100|[from] item: Leftovers\n|upkeep\n|turn|2\n|\n|t:|1791423224\n|switch|p2a: Toxapex|Toxapex, M|100/100\n|move|p1a: Heatran|Eruption|p2a: Toxapex\n|-resisted|p2a: Toxapex\n|-damage|p2a: Toxapex|70/100\n|\n|upkeep\n|turn|3\n|\n|t:|1791423229\n|move|p1a: Heatran|Stealth Rock|p2a: Toxapex\n|-sidestart|p2: chris466|move: Stealth Rock\n|move|p2a: Toxapex|Light Screen|p2a: Toxapex\n|-sidestart|p2: chris466|move: Light Screen\n|\n|upkeep\n|turn|4\n|\n|t:|1791423240\n|move|p1a: Heatran|Earth Power|p2a: Toxapex\n|-supereffective|p2a: Toxapex\n|-damage|p2a: Toxapex|42/100\n|move|p2a: Toxapex|Knock Off|p1a: Heatran\n|-damage|p1a: Heatran|85/100\n|-enditem|p1a: Heatran|Air Balloon\n|\n|upkeep\n|turn|5\n|\n|t:|1791423249\n|switch|p2a: Keldeo|Keldeo-Resolute|100/100\n|-damage|p2a: Keldeo|94/100|[from] Stealth Rock\n|move|p1a: Heatran|Magma Storm|p2a: Keldeo\n|-resisted|p2a: Keldeo\n|-damage|p2a: Keldeo|81/100\n|-activate|p2a: Keldeo|move: Magma Storm|[of] p1a: Heatran\n|\n|-heal|p2a: Keldeo|87/100|[from] item: Leftovers\n|-damage|p2a: Keldeo|74/100|[from] move: Magma Storm|[partiallytrapped]\n|upkeep\n|turn|6\n|\n|t:|1791423259\n|switch|p1a: Tangrowth|Tangrowth, F|100/100\n|move|p2a: Keldeo|Secret Sword|p1a: Tangrowth\n|-damage|p1a: Tangrowth|75/100\n|\n|-heal|p2a: Keldeo|81/100|[from] item: Leftovers\n|-end|p2a: Keldeo|Magma Storm|[partiallytrapped]|[silent]\n|upkeep\n|turn|7\n|\n|t:|1791423263\n|switch|p2a: Ferrothorn|Ferrothorn, F|93/100\n|-damage|p2a: Ferrothorn|87/100|[from] Stealth Rock\n|move|p1a: Tangrowth|Giga Drain|p2a: Ferrothorn\n|-resisted|p2a: Ferrothorn\n|-damage|p2a: Ferrothorn|84/100\n|-heal|p1a: Tangrowth|76/100|[from] drain|[of] p2a: Ferrothorn\n|\n|-heal|p2a: Ferrothorn|90/100|[from] item: Leftovers\n|-sideend|p2: chris466|move: Light Screen\n|upkeep\n|turn|8\n|\n|t:|1791423265\n|move|p1a: Tangrowth|Focus Blast|p2a: Ferrothorn|[miss]\n|-miss|p1a: Tangrowth|p2a: Ferrothorn\n|move|p2a: Ferrothorn|Spikes|p1a: Tangrowth\n|-sidestart|p1: coolguycool69|Spikes\n|\n|-heal|p2a: Ferrothorn|97/100|[from] item: Leftovers\n|upkeep\n|turn|9\n|\n|t:|1791423274\n|move|p1a: Tangrowth|Focus Blast|p2a: Ferrothorn\n|-supereffective|p2a: Ferrothorn\n|-damage|p2a: Ferrothorn|43/100\n|move|p2a: Ferrothorn|Knock Off|p1a: Tangrowth\n|-damage|p1a: Tangrowth|66/100\n|-damage|p2a: Ferrothorn|27/100|[from] item: Rocky Helmet|[of] p1a: Tangrowth\n|-enditem|p1a: Tangrowth|Rocky Helmet|[from] move: Knock Off|[of] p2a: Ferrothorn\n|\n|-heal|p2a: Ferrothorn|33/100|[from] item: Leftovers\n|upkeep\n|turn|10\n|\n|t:|1791423279\n|switch|p2a: Slowking|Slowking-Galar, M|100/100\n|-damage|p2a: Slowking|88/100|[from] Stealth Rock\n|move|p1a: Tangrowth|Knock Off|p2a: Slowking\n|-supereffective|p2a: Slowking\n|-crit|p2a: Slowking\n|-damage|p2a: Slowking|19/100\n|-enditem|p2a: Slowking|Assault Vest|[from] move: Knock Off|[of] p1a: Tangrowth\n|\n|upkeep\n|turn|11\n|\n|t:|1791423285\n|move|p1a: Tangrowth|Knock Off|p2a: Slowking\n|-supereffective|p2a: Slowking\n|-damage|p2a: Slowking|0 fnt\n|faint|p2a: Slowking\n|\n|upkeep\n|\n|t:|1791423289\n|switch|p2a: Dragonite|Dragonite, F|100/100\n|turn|12\n|\n|t:|1791423299\n|move|p2a: Dragonite|Ice Beam|p1a: Tangrowth\n|-supereffective|p1a: Tangrowth\n|-damage|p1a: Tangrowth|0 fnt\n|faint|p1a: Tangrowth\n|\n|upkeep\n|\n|t:|1791423303\n|switch|p1a: Weavile|Weavile, M|100/100\n|-damage|p1a: Weavile|88/100|[from] Spikes\n|-ability|p1a: Weavile|Pressure\n|turn|13\n|\n|t:|1791423308\n|switch|p2a: Ferrothorn|Ferrothorn, F|33/100\n|-damage|p2a: Ferrothorn|27/100|[from] Stealth Rock\n|move|p1a: Weavile|Triple Axel|p2a: Ferrothorn|[miss]\n|-miss|p1a: Weavile|p2a: Ferrothorn\n|\n|-heal|p2a: Ferrothorn|33/100|[from] item: Leftovers\n|upkeep\n|turn|14\n|\n|t:|1791423311\n|move|p1a: Weavile|Triple Axel|p2a: Ferrothorn\n|-damage|p2a: Ferrothorn|24/100\n|-damage|p1a: Weavile|76/100|[from] ability: Iron Barbs|[of] p2a: Ferrothorn\n|-damage|p2a: Ferrothorn|8/100\n|-damage|p1a: Weavile|63/100|[from] ability: Iron Barbs|[of] p2a: Ferrothorn\n|-damage|p2a: Ferrothorn|0 fnt\n|-damage|p1a: Weavile|51/100|[from] ability: Iron Barbs|[of] p2a: Ferrothorn\n|faint|p2a: Ferrothorn\n|-hitcount|p2: Ferrothorn|3\n|\n|upkeep\n|\n|t:|1791423314\n|switch|p2a: Zeraora|Zeraora|100/100\n|turn|15\n|\n|t:|1791423317\n|move|p2a: Zeraora|Plasma Fists|p1a: Weavile\n|-damage|p1a: Weavile|0 fnt\n|-fieldactivate|move: Ion Deluge\n|-hint|Normal-type moves become Electric-type after using Plasma Fists.\n|faint|p1a: Weavile\n|\n|upkeep\n|\n|t:|1791423320\n|switch|p1a: Landorus|Landorus-Therian, M|88/100\n|-ability|p1a: Landorus|Intimidate|boost\n|-unboost|p2a: Zeraora|atk|1\n|turn|16\n|\n|t:|1791423323\n|switch|p2a: Dragonite|Dragonite, F|100/100\n|move|p1a: Landorus|Toxic|p2a: Dragonite|[miss]\n|-miss|p1a: Landorus|p2a: Dragonite\n|\n|-heal|p1a: Landorus|94/100|[from] item: Leftovers\n|upkeep\n|turn|17\n|\n|t:|1791423328\n|move|p2a: Dragonite|Ice Beam|p1a: Landorus\n|-supereffective|p1a: Landorus\n|-damage|p1a: Landorus|29/100\n|move|p1a: Landorus|Toxic|p2a: Dragonite\n|-status|p2a: Dragonite|tox\n|\n|-heal|p1a: Landorus|35/100|[from] item: Leftovers\n|-damage|p2a: Dragonite|94/100 tox|[from] psn\n|upkeep\n|turn|18\n|\n|t:|1791423331\n|switch|p1a: Heatran|Heatran, M|85/100\n|-damage|p1a: Heatran|73/100|[from] Spikes\n|move|p2a: Dragonite|Ice Beam|p1a: Heatran\n|-resisted|p1a: Heatran\n|-damage|p1a: Heatran|68/100\n|\n|-damage|p2a: Dragonite|82/100 tox|[from] psn\n|upkeep\n|turn|19\n|\n|t:|1791423334\n|switch|p1a: Landorus|Landorus-Therian, M|35/100\n|-ability|p1a: Landorus|Intimidate|boost\n|-unboost|p2a: Dragonite|atk|1\n|switch|p2a: Toxapex|Toxapex, M|76/100\n|-damage|p2a: Toxapex|64/100|[from] Stealth Rock\n|\n|-heal|p1a: Landorus|41/100|[from] item: Leftovers\n|upkeep\n|turn|20\n|\n|t:|1791423342\n|switch|p2a: Dragonite|Dragonite, F|82/100 tox\n|move|p1a: Landorus|Earthquake|p2a: Dragonite\n|-immune|p2a: Dragonite\n|\n|-heal|p1a: Landorus|47/100|[from] item: Leftovers\n|-damage|p2a: Dragonite|76/100 tox|[from] psn\n|upkeep\n|turn|21\n|\n|t:|1791423347\n|move|p2a: Dragonite|Roost|p2a: Dragonite\n|-heal|p2a: Dragonite|100/100 tox\n|-singleturn|p2a: Dragonite|move: Roost\n|move|p1a: Landorus|U-turn|p2a: Dragonite\n|-damage|p2a: Dragonite|91/100 tox\n|\n|t:|1791423351\n|switch|p1a: Rotom|Rotom-Wash|100/100|[from] U-turn\n|\n|-damage|p2a: Dragonite|78/100 tox|[from] psn\n|upkeep\n|turn|22\n|\n|t:|1791423355\n|switch|p2a: Zeraora|Zeraora|100/100\n|move|p1a: Rotom|Nasty Plot|p1a: Rotom\n|-boost|p1a: Rotom|spa|2\n|\n|upkeep\n|turn|23\n|\n|t:|1791423359\n|move|p2a: Zeraora|Plasma Fists|p1a: Rotom\n|-damage|p1a: Rotom|52/100\n|-fieldactivate|move: Ion Deluge\n|-hint|Normal-type moves become Electric-type after using Plasma Fists.\n|move|p1a: Rotom|Hydro Pump|p2a: Zeraora|[miss]\n|-miss|p1a: Rotom|p2a: Zeraora\n|\n|-heal|p1a: Rotom|58/100|[from] item: Leftovers\n|upkeep\n|turn|24\n|\n|t:|1791423368\n|move|p2a: Zeraora|Plasma Fists|p1a: Rotom\n|-damage|p1a: Rotom|7/100\n|-fieldactivate|move: Ion Deluge\n|-hint|Normal-type moves become Electric-type after using Plasma Fists.\n|move|p1a: Rotom|Pain Split|p2a: Zeraora\n|-immune|p2a: Zeraora|[from] ability: Volt Absorb\n|\n|-heal|p1a: Rotom|14/100|[from] item: Leftovers\n|upkeep\n|turn|25\n|\n|t:|1791423377\n|move|p2a: Zeraora|Knock Off|p1a: Rotom\n|-damage|p1a: Rotom|0 fnt\n|-enditem|p1a: Rotom|Leftovers|[from] move: Knock Off|[of] p2a: Zeraora\n|faint|p1a: Rotom\n|\n|upkeep\n|\n|t:|1791423379\n|switch|p1a: Landorus|Landorus-Therian, M|47/100\n|-ability|p1a: Landorus|Intimidate|boost\n|-unboost|p2a: Zeraora|atk|1\n|turn|26\n|\n|t:|1791423382\n|switch|p2a: Dragonite|Dragonite, F|78/100 tox\n|move|p1a: Landorus|Earthquake|p2a: Dragonite\n|-immune|p2a: Dragonite\n|\n|-heal|p1a: Landorus|53/100|[from] item: Leftovers\n|-damage|p2a: Dragonite|72/100 tox|[from] psn\n|upkeep\n|turn|27\n|\n|t:|1791423385\n|move|p2a: Dragonite|Roost|p2a: Dragonite\n|-heal|p2a: Dragonite|100/100 tox\n|-singleturn|p2a: Dragonite|move: Roost\n|move|p1a: Landorus|U-turn|p2a: Dragonite\n|-damage|p2a: Dragonite|92/100 tox\n|\n|t:|1791423388\n|switch|p1a: Melmetal|Melmetal|100/100|[from] U-turn\n|-damage|p1a: Melmetal|88/100|[from] Spikes\n|\n|-damage|p2a: Dragonite|79/100 tox|[from] psn\n|upkeep\n|turn|28\n|\n|t:|1791423391\n|switch|p2a: Toxapex|Toxapex, M|97/100\n|-damage|p2a: Toxapex|85/100|[from] Stealth Rock\n|move|p1a: Melmetal|Double Iron Bash|p2a: Toxapex\n|-resisted|p2a: Toxapex\n|-damage|p2a: Toxapex|73/100\n|-resisted|p2a: Toxapex\n|-damage|p2a: Toxapex|61/100\n|-hitcount|p2a: Toxapex|2\n|\n|upkeep\n|turn|29\n|\n|t:|1791423394\n|move|p1a: Melmetal|Earthquake|p2a: Toxapex\n|-supereffective|p2a: Toxapex\n|-damage|p2a: Toxapex|15/100\n|move|p2a: Toxapex|Knock Off|p1a: Melmetal\n|-damage|p1a: Melmetal|80/100\n|-enditem|p1a: Melmetal|Assault Vest|[from] move: Knock Off|[of] p2a: Toxapex\n|\n|upkeep\n|turn|30\n|\n|t:|1791423398\n|switch|p2a: Dragonite|Dragonite, F|79/100 tox\n|move|p1a: Melmetal|Thunder Punch|p2a: Dragonite\n|-damage|p2a: Dragonite|52/100 tox\n|\n|-damage|p2a: Dragonite|45/100 tox|[from] psn\n|upkeep\n|turn|31\n|\n|t:|1791423402\n|switch|p2a: Keldeo|Keldeo-Resolute|81/100\n|-damage|p2a: Keldeo|74/100|[from] Stealth Rock\n|move|p1a: Melmetal|Ice Punch|p2a: Keldeo\n|-resisted|p2a: Keldeo\n|-damage|p2a: Keldeo|56/100\n|\n|-heal|p2a: Keldeo|62/100|[from] item: Leftovers\n|upkeep\n|turn|32\n|\n|t:|1791423407\n|move|p2a: Keldeo|Substitute|p2a: Keldeo\n|-start|p2a: Keldeo|Substitute\n|-damage|p2a: Keldeo|37/100\n|move|p1a: Melmetal|Earthquake|p2a: Keldeo\n|-end|p2a: Keldeo|Substitute\n|\n|-heal|p2a: Keldeo|43/100|[from] item: Leftovers\n|upkeep\n|turn|33\n|\n|t:|1791423412\n|move|p2a: Keldeo|Scald|p1a: Melmetal\n|-damage|p1a: Melmetal|48/100\n|move|p1a: Melmetal|Thunder Punch|p2a: Keldeo\n|-supereffective|p2a: Keldeo\n|-damage|p2a: Keldeo|0 fnt\n|faint|p2a: Keldeo\n|\n|upkeep\n|\n|t:|1791423414\n|switch|p2a: Zeraora|Zeraora|100/100\n|turn|34\n|\n|t:|1791423417\n|move|p2a: Zeraora|Close Combat|p1a: Melmetal\n|-supereffective|p1a: Melmetal\n|-damage|p1a: Melmetal|5/100\n|-unboost|p2a: Zeraora|def|1\n|-unboost|p2a: Zeraora|spd|1\n|move|p1a: Melmetal|Earthquake|p2a: Zeraora\n|-supereffective|p2a: Zeraora\n|-damage|p2a: Zeraora|0 fnt\n|faint|p2a: Zeraora\n|\n|upkeep\n|\n|t:|1791423421\n|switch|p2a: Dragonite|Dragonite, F|45/100 tox\n|turn|35\n|\n|t:|1791423424\n|move|p2a: Dragonite|Ice Beam|p1a: Melmetal\n|-resisted|p1a: Melmetal\n|-crit|p1a: Melmetal\n|-damage|p1a: Melmetal|0 fnt\n|faint|p1a: Melmetal\n|\n|-damage|p2a: Dragonite|39/100 tox|[from] psn\n|upkeep\n|\n|t:|1791423433\n|switch|p1a: Heatran|Heatran, M|68/100\n|-damage|p1a: Heatran|55/100|[from] Spikes\n|turn|36\n|\n|t:|1791423436\n|move|p1a: Heatran|Magma Storm|p2a: Dragonite\n|-resisted|p2a: Dragonite\n|-damage|p2a: Dragonite|18/100 tox\n|-activate|p2a: Dragonite|move: Magma Storm|[of] p1a: Heatran\n|move|p2a: Dragonite|Roost|p2a: Dragonite\n|-heal|p2a: Dragonite|69/100 tox\n|-singleturn|p2a: Dragonite|move: Roost\n|\n|-damage|p2a: Dragonite|56/100 tox|[from] psn\n|-damage|p2a: Dragonite|44/100 tox|[from] move: Magma Storm|[partiallytrapped]\n|upkeep\n|turn|37\n|\n|t:|1791423442\n|move|p1a: Heatran|Magma Storm|p2a: Dragonite\n|-resisted|p2a: Dragonite\n|-damage|p2a: Dragonite|22/100 tox\n|move|p2a: Dragonite|Draco Meteor|p1a: Heatran\n|-resisted|p1a: Heatran\n|-damage|p1a: Heatran|33/100\n|-unboost|p2a: Dragonite|spa|2\n|\n|-damage|p2a: Dragonite|3/100 tox|[from] psn\n|-damage|p2a: Dragonite|0 fnt|[from] move: Magma Storm|[partiallytrapped]\n|faint|p2a: Dragonite\n|upkeep\n|\n|t:|1791423446\n|switch|p2a: Toxapex|Toxapex, M|48/100\n|-damage|p2a: Toxapex|36/100|[from] Stealth Rock\n|turn|38\n|\n|t:|1791423448\n|move|p1a: Heatran|Earth Power|p2a: Toxapex\n|-supereffective|p2a: Toxapex\n|-damage|p2a: Toxapex|0 fnt\n|faint|p2a: Toxapex\n|\n|win|coolguycool69\n|raw|coolguycool69's rating: 1086 &rarr; <strong>1126</strong><br />(+40 for winning)\n|raw|chris466's rating: 1259 &rarr; <strong>1222</strong><br />(-37 for losing)\n", "uploadtime": 1791423449, "views": "1", "formatid": "gen8ou", "rating": 1126, "private": 0, "password": null}