{"id": "gen8ou-2694334463", "format": "[Gen 8] OU", "players": ["NotLookinForAName", "ramenxxx"], "log": "|j|\u2606NotLookinForAName\n|j|\u2606ramenxxx\n|t:|1791374577\n|gametype|singles\n|player|p1|NotLookinForAName|red|1190\n|player|p2|ramenxxx|101|1028\n|gen|8\n|tier|[Gen 8] OU\n|rated|\n|rule|HP Percentage Mod: HP is shown in percentages\n|rule|Endless Battle Clause: Forcing endless battles is banned\n|rule|Sleep Clause Mod: Limit one foe put to sleep\n|rule|Species Clause: Limit one of each Pok\u00e9mon\n|rule|OHKO Clause: OHKO moves are banned\n|rule|Evasion Items Clause: Evasion items are banned\n|rule|Evasion Moves Clause: Evasion moves are banned\n|rule|Dynamax Clause: You cannot dynamax\n|clearpoke\n|poke|p1|Barraskewda, M|\n|poke|p1|Dragapult, F|\n|poke|p1|Weavile, F|\n|poke|p1|Heatran, M|\n|poke|p1|Scizor, M|\n|poke|p1|Volcarona, F|\n|poke|p2|Ferrothorn, F|\n|poke|p2|Toxapex, M|\n|poke|p2|Gyarados, M|\n|poke|p2|Regieleki|\n|poke|p2|Haxorus, F|\n|poke|p2|Sceptile, F|\n|teampreview\n|\n|t:|1791374587\n|teamsize|p1|6\n|teamsize|p2|6\n|start\n|switch|p1a: Dragapult|Dragapult, F|100/100\n|switch|p2a: Ferrothorn|Ferrothorn, F|100/100\n|turn|1\n|inactive|Battle timer is ON: inactive players will automatically lose when time's up. (requested by NotLookinForAName)\n|\n|t:|1791374593\n|move|p1a: Dragapult|Fire Blast|p2a: Ferrothorn|[miss]\n|-miss|p1a: Dragapult|p2a: Ferrothorn\n|move|p2a: Ferrothorn|Knock Off|p1a: Dragapult\n|-supereffective|p1a: Dragapult\n|-damage|p1a: Dragapult|47/100\n|-enditem|p1a: Dragapult|Choice Specs|[from] move: Knock Off|[of] p2a: Ferrothorn\n|\n|upkeep\n|turn|2\n|\n|t:|1791374607\n|move|p1a: Dragapult|Fire Blast|p2a: Ferrothorn\n|-supereffective|p2a: Ferrothorn\n|-damage|p2a: Ferrothorn|0 fnt\n|faint|p2a: Ferrothorn\n|\n|upkeep\n|\n|t:|1791374612\n|switch|p2a: Toxapex|Toxapex, M|100/100\n|turn|3\n|\n|t:|1791374620\n|move|p1a: Dragapult|Draco Meteor|p2a: Toxapex\n|-crit|p2a: Toxapex\n|-damage|p2a: Toxapex|27/100\n|-unboost|p1a: Dragapult|spa|2\n|move|p2a: Toxapex|Toxic Spikes|p1a: Dragapult\n|-sidestart|p1: NotLookinForAName|move: Toxic Spikes\n|\n|-heal|p2a: Toxapex|34/100|[from] item: Leftovers\n|upkeep\n|turn|4\n|\n|t:|1791374637\n|move|p1a: Dragapult|Draco Meteor|p2a: Toxapex\n|-damage|p2a: Toxapex|9/100\n|-unboost|p1a: Dragapult|spa|2\n|move|p2a: Toxapex|Toxic Spikes|p1a: Dragapult\n|-sidestart|p1: NotLookinForAName|move: Toxic Spikes\n|\n|-heal|p2a: Toxapex|15/100|[from] item: Leftovers\n|upkeep\n|turn|5\n|\n|t:|1791374652\n|switch|p2a: Haxorus|Haxorus, F|100/100\n|-ability|p2a: Haxorus|Mold Breaker\n|move|p1a: Dragapult|Draco Meteor|p2a: Haxorus\n|-supereffective|p2a: Haxorus\n|-damage|p2a: Haxorus|35/100\n|-unboost|p1a: Dragapult|spa|2\n|\n|upkeep\n|turn|6\n|\n|t:|1791374662\n|move|p2a: Haxorus|Outrage|p1a: Dragapult\n|-supereffective|p1a: Dragapult\n|-damage|p1a: Dragapult|0 fnt\n|faint|p1a: Dragapult\n|\n|upkeep\n|\n|t:|1791374668\n|switch|p1a: Heatran|Heatran, M|100/100\n|turn|7\n|\n|t:|1791374678\n|move|p2a: Haxorus|Outrage|p1a: Heatran|[from] lockedmove\n|-resisted|p1a: Heatran\n|-damage|p1a: Heatran|73/100\n|-start|p2a: Haxorus|confusion|[fatigue]\n|move|p1a: Heatran|Stealth Rock|p2a: Haxorus\n|-sidestart|p2: ramenxxx|move: Stealth Rock\n|\n|-heal|p1a: Heatran|79/100|[from] item: Leftovers\n|upkeep\n|turn|8\n|\n|t:|1791374689\n|switch|p2a: Gyarados|Gyarados, M|100/100\n|-damage|p2a: Gyarados|76/100|[from] Stealth Rock\n|-ability|p2a: Gyarados|Intimidate|boost\n|-unboost|p1a: Heatran|atk|1\n|move|p1a: Heatran|Flamethrower|p2a: Gyarados\n|-resisted|p2a: Gyarados\n|-damage|p2a: Gyarados|54/100\n|\n|-heal|p2a: Gyarados|60/100|[from] item: Leftovers\n|-heal|p1a: Heatran|86/100|[from] item: Leftovers\n|upkeep\n|turn|9\n|\n|t:|1791374705\n|switch|p1a: Barraskewda|Barraskewda, M|100/100\n|-status|p1a: Barraskewda|tox\n|move|p2a: Gyarados|Dive||[still]\n|-prepare|p2a: Gyarados|Dive\n|\n|-heal|p2a: Gyarados|66/100|[from] item: Leftovers\n|-damage|p1a: Barraskewda|94/100 tox|[from] psn\n|upkeep\n|turn|10\n|\n|t:|1791374716\n|move|p1a: Barraskewda|Psychic Fangs|p2a: Gyarados|[miss]\n|-miss|p1a: Barraskewda|p2a: Gyarados\n|move|p2a: Gyarados|Dive|p1a: Barraskewda|[from] lockedmove\n|-resisted|p1a: Barraskewda\n|-damage|p1a: Barraskewda|60/100 tox\n|\n|-heal|p2a: Gyarados|73/100|[from] item: Leftovers\n|-damage|p1a: Barraskewda|47/100 tox|[from] psn\n|upkeep\n|turn|11\n|\n|t:|1791374725\n|move|p1a: Barraskewda|Psychic Fangs|p2a: Gyarados\n|-damage|p2a: Gyarados|37/100\n|-damage|p1a: Barraskewda|38/100 tox|[from] item: Life Orb\n|move|p2a: Gyarados|Dive||[still]\n|-prepare|p2a: Gyarados|Dive\n|\n|-heal|p2a: Gyarados|43/100|[from] item: Leftovers\n|-damage|p1a: Barraskewda|19/100 tox|[from] psn\n|upkeep\n|turn|12\n|\n|t:|1791374735\n|move|p1a: Barraskewda|Liquidation|p2a: Gyarados|[miss]\n|-miss|p1a: Barraskewda|p2a: Gyarados\n|move|p2a: Gyarados|Dive|p1a: Barraskewda|[from] lockedmove\n|-resisted|p1a: Barraskewda\n|-damage|p1a: Barraskewda|0 fnt\n|faint|p1a: Barraskewda\n|\n|-heal|p2a: Gyarados|49/100|[from] item: Leftovers\n|upkeep\n|\n|t:|1791374738\n|switch|p1a: Weavile|Weavile, F|100/100\n|-status|p1a: Weavile|tox\n|turn|13\n|\n|t:|1791374746\n|move|p1a: Weavile|Knock Off|p2a: Gyarados\n|-damage|p2a: Gyarados|0 fnt\n|-enditem|p2a: Gyarados|Leftovers|[from] move: Knock Off|[of] p1a: Weavile\n|faint|p2a: Gyarados\n|-damage|p1a: Weavile|91/100 tox|[from] item: Life Orb\n|\n|-damage|p1a: Weavile|85/100 tox|[from] psn\n|upkeep\n|\n|t:|1791374762\n|switch|p2a: Sceptile|Sceptile, F|100/100\n|-damage|p2a: Sceptile|88/100|[from] Stealth Rock\n|turn|14\n|\n|t:|1791374771\n|move|p1a: Weavile|Ice Shard|p2a: Sceptile\n|-supereffective|p2a: Sceptile\n|-damage|p2a: Sceptile|0 fnt\n|faint|p2a: Sceptile\n|-damage|p1a: Weavile|75/100 tox|[from] item: Life Orb\n|\n|-damage|p1a: Weavile|63/100 tox|[from] psn\n|upkeep\n|\n|t:|1791374779\n|switch|p2a: Toxapex|Toxapex, M|49/100\n|-damage|p2a: Toxapex|36/100|[from] Stealth Rock\n|turn|15\n|\n|t:|1791374788\n|move|p1a: Weavile|Knock Off|p2a: Toxapex\n|-damage|p2a: Toxapex|0 fnt\n|-enditem|p2a: Toxapex|Leftovers|[from] move: Knock Off|[of] p1a: Weavile\n|faint|p2a: Toxapex\n|-damage|p1a: Weavile|53/100 tox|[from] item: Life Orb\n|\n|-damage|p1a: Weavile|35/100 tox|[from] psn\n|upkeep\n|\n|t:|1791374800\n|switch|p2a: Regieleki|Regieleki|100/100\n|-damage|p2a: Regieleki|88/100|[from] Stealth Rock\n|turn|16\n|\n|t:|1791374813\n|switch|p1a: Heatran|Heatran, M|86/100\n|move|p2a: Regieleki|Rapid Spin|p1a: Heatran\n|-resisted|p1a: Heatran\n|-damage|p1a: Heatran|79/100\n|-boost|p2a: Regieleki|spe|1\n|-sideend|p2: ramenxxx|Stealth Rock|[from] move: Rapid Spin|[of] p2a: Regieleki\n|-damage|p2a: Regieleki|78/100|[from] item: Life Orb\n|\n|-heal|p1a: Heatran|86/100|[from] item: Leftovers\n|upkeep\n|turn|17\n|\n|t:|1791374826\n|move|p2a: Regieleki|Thunderbolt|p1a: Heatran\n|-damage|p1a: Heatran|22/100\n|-damage|p2a: Regieleki|68/100|[from] item: Life Orb\n|move|p1a: Heatran|Earth Power|p2a: Regieleki\n|-supereffective|p2a: Regieleki\n|-damage|p2a: Regieleki|0 fnt\n|faint|p2a: Regieleki\n|\n|-heal|p1a: Heatran|29/100|[from] item: Leftovers\n|upkeep\n|\n|t:|1791374836\n|switch|p2a: Haxorus|Haxorus, F|35/100\n|-ability|p2a: Haxorus|Mold Breaker\n|turn|18\n|\n|t:|1791374846\n|move|p2a: Haxorus|Outrage|p1a: Heatran\n|-resisted|p1a: Heatran\n|-damage|p1a: Heatran|0 fnt\n|faint|p1a: Heatran\n|\n|upkeep\n|\n|t:|1791374851\n|switch|p1a: Weavile|Weavile, F|35/100 tox\n|turn|19\n|\n|t:|1791374855\n|move|p1a: Weavile|Ice Shard|p2a: Haxorus\n|-supereffective|p2a: Haxorus\n|-damage|p2a: Haxorus|0 fnt\n|faint|p2a: Haxorus\n|-damage|p1a: Weavile|25/100 tox|[from] item: Life Orb\n|\n|win|NotLookinForAName\n|raw|NotLookinForAName's rating: 1190 &rarr; <strong>1204</strong><br />(+14 for winning)\n|raw|ramenxxx's rating: 1028 &rarr; <strong>1020</strong><br />(-8 for losing)\n", "uploadtime": 1791374864, "views": "2", "formatid": "gen8ou", "rating": 1020, "private": 0, "password": null}