{"id": "gen8ou-2692365372", "format": "[Gen 8] OU", "players": ["notlena", "sagazinha"], "log": "|j|\u2606notlena\n|j|\u2606sagazinha\n|inactive|Battle timer is ON: inactive players will automatically lose when time's up.\n|t:|1791063288\n|gametype|singles\n|player|p1|notlena|rosa-masters2|\n|player|p2|sagazinha|#ptplvidazzlingdiancies|\n|gen|8\n|tier|[Gen 8] OU\n|rated|Tournament battle\n|rule|HP Percentage Mod: HP is shown in percentages\n|rule|Endless Battle Clause: Forcing endless battles is banned\n|rule|Sleep Clause Mod: Limit one foe put to sleep\n|rule|Species Clause: Limit one of each Pok\u00e9mon\n|rule|OHKO Clause: OHKO moves are banned\n|rule|Evasion Items Clause: Evasion items are banned\n|rule|Evasion Moves Clause: Evasion moves are banned\n|rule|Dynamax Clause: You cannot dynamax\n|clearpoke\n|poke|p1|Tapu Fini|\n|poke|p1|Tapu Lele|\n|poke|p1|Melmetal|\n|poke|p1|Heatran, M|\n|poke|p1|Weavile, F|\n|poke|p1|Landorus-Therian, M|\n|poke|p2|Raboot, F|\n|poke|p2|Electabuzz, M|\n|poke|p2|Vullaby, F|\n|poke|p2|Piloswine, M|\n|poke|p2|Slowpoke, M|\n|poke|p2|Roselia, M|\n|teampreview\n|inactive|sagazinha also wants the timer to be on.\n|c|\u2606notlena|Que aura\n|c|\u2606sagazinha|vai perder\n|c|\u2606notlena|Vou\n|j| butterfly in bloom\n|inactive|notlena has 120 seconds left.\n|\n|t:|1791063335\n|teamsize|p1|6\n|teamsize|p2|6\n|start\n|switch|p1a: Tapu Lele|Tapu Lele|100/100\n|switch|p2a: Slowpoke|Slowpoke, M|100/100\n|-fieldstart|move: Psychic Terrain|[from] ability: Psychic Surge|[of] p1a: Tapu Lele\n|turn|1\n|l| butterfly in bloom\n|\n|t:|1791063343\n|move|p1a: Tapu Lele|Moonblast|p2a: Slowpoke\n|-damage|p2a: Slowpoke|2/100\n|move|p2a: Slowpoke|Scald|p1a: Tapu Lele\n|-damage|p1a: Tapu Lele|84/100\n|\n|upkeep\n|turn|2\n|\n|t:|1791063352\n|switch|p2a: Roselia|Roselia, M|100/100\n|move|p1a: Tapu Lele|Moonblast|p2a: Roselia\n|-resisted|p2a: Roselia\n|-damage|p2a: Roselia|68/100\n|-unboost|p2a: Roselia|spa|1\n|\n|upkeep\n|turn|3\n|\n|t:|1791063359\n|switch|p1a: Heatran|Heatran, M|100/100\n|-item|p1a: Heatran|Air Balloon\n|move|p2a: Roselia|Spikes|p1a: Heatran\n|-sidestart|p1: notlena|Spikes\n|\n|upkeep\n|turn|4\n|\n|t:|1791063370\n|switch|p2a: Electabuzz|Electabuzz, M|100/100\n|move|p1a: Heatran|Stealth Rock|p2a: Electabuzz\n|-sidestart|p2: sagazinha|move: Stealth Rock\n|\n|upkeep\n|turn|5\n|\n|t:|1791063374\n|switch|p1a: Landorus|Landorus-Therian, M|100/100\n|-ability|p1a: Landorus|Intimidate|boost\n|-unboost|p2a: Electabuzz|atk|1\n|move|p2a: Electabuzz|Focus Blast|p1a: Landorus|[miss]\n|-miss|p2a: Electabuzz|p1a: Landorus\n|\n|-fieldend|move: Psychic Terrain\n|upkeep\n|turn|6\n|\n|t:|1791063382\n|switch|p2a: Vullaby|Vullaby, F|100/100\n|-damage|p2a: Vullaby|75/100|[from] Stealth Rock\n|move|p1a: Landorus|Toxic|p2a: Vullaby|[miss]\n|-miss|p1a: Landorus|p2a: Vullaby\n|\n|upkeep\n|turn|7\n|\n|t:|1791063388\n|move|p1a: Landorus|Toxic|p2a: Vullaby\n|-status|p2a: Vullaby|tox\n|move|p2a: Vullaby|Knock Off|p1a: Landorus\n|-damage|p1a: Landorus|79/100\n|-enditem|p1a: Landorus|Leftovers|[from] move: Knock Off|[of] p2a: Vullaby\n|\n|-damage|p2a: Vullaby|69/100 tox|[from] psn\n|upkeep\n|turn|8\n|\n|t:|1791063393\n|move|p1a: Landorus|U-turn|p2a: Vullaby\n|-damage|p2a: Vullaby|51/100 tox\n|\n|t:|1791063396\n|switch|p1a: Melmetal|Melmetal|100/100|[from] U-turn\n|-damage|p1a: Melmetal|88/100|[from] Spikes\n|move|p2a: Vullaby|U-turn|p1a: Melmetal\n|-resisted|p1a: Melmetal\n|-damage|p1a: Melmetal|85/100\n|\n|t:|1791063405\n|switch|p2a: Raboot|Raboot, F|100/100|[from] U-turn\n|\n|upkeep\n|turn|9\n|\n|t:|1791063417\n|switch|p1a: Tapu Fini|Tapu Fini|100/100\n|-damage|p1a: Tapu Fini|88/100|[from] Spikes\n|-fieldstart|move: Misty Terrain|[from] ability: Misty Surge|[of] p1a: Tapu Fini\n|move|p2a: Raboot|High Jump Kick|p1a: Tapu Fini\n|-start|p2a: Raboot|typechange|Fighting|[from] ability: Libero\n|-resisted|p1a: Tapu Fini\n|-damage|p1a: Tapu Fini|70/100\n|\n|-heal|p1a: Tapu Fini|76/100|[from] item: Leftovers\n|upkeep\n|turn|10\n|\n|t:|1791063423\n|move|p2a: Raboot|U-turn|p1a: Tapu Fini\n|-start|p2a: Raboot|typechange|Bug|[from] ability: Libero\n|-resisted|p1a: Tapu Fini\n|-damage|p1a: Tapu Fini|66/100\n|\n|t:|1791063426\n|switch|p2a: Roselia|Roselia, M|68/100|[from] U-turn\n|-damage|p2a: Roselia|56/100|[from] Stealth Rock\n|move|p1a: Tapu Fini|Whirlpool|p2a: Roselia|[miss]\n|-miss|p1a: Tapu Fini|p2a: Roselia\n|\n|-heal|p1a: Tapu Fini|72/100|[from] item: Leftovers\n|upkeep\n|turn|11\n|\n|t:|1791063436\n|switch|p1a: Heatran|Heatran, M|100/100\n|-item|p1a: Heatran|Air Balloon\n|move|p2a: Roselia|Synthesis|p2a: Roselia\n|-heal|p2a: Roselia|100/100\n|\n|upkeep\n|turn|12\n|j| mipc\n|\n|t:|1791063440\n|switch|p2a: Electabuzz|Electabuzz, M|100/100\n|-damage|p2a: Electabuzz|88/100|[from] Stealth Rock\n|move|p1a: Heatran|Magma Storm|p2a: Electabuzz\n|-damage|p2a: Electabuzz|45/100\n|-activate|p2a: Electabuzz|move: Magma Storm|[of] p1a: Heatran\n|\n|-damage|p2a: Electabuzz|33/100|[from] move: Magma Storm|[partiallytrapped]\n|upkeep\n|turn|13\n|\n|t:|1791063452\n|switch|p1a: Landorus|Landorus-Therian, M|79/100\n|-ability|p1a: Landorus|Intimidate|boost\n|-unboost|p2a: Electabuzz|atk|1\n|move|p2a: Electabuzz|Volt Switch|p1a: Landorus\n|-immune|p1a: Landorus\n|\n|-end|p2a: Electabuzz|Magma Storm|[partiallytrapped]|[silent]\n|-fieldend|Misty Terrain\n|upkeep\n|turn|14\n|\n|t:|1791063460\n|move|p2a: Electabuzz|Psychic|p1a: Landorus\n|-damage|p1a: Landorus|59/100\n|move|p1a: Landorus|Earthquake|p2a: Electabuzz\n|-supereffective|p2a: Electabuzz\n|-damage|p2a: Electabuzz|0 fnt\n|faint|p2a: Electabuzz\n|\n|upkeep\n|j| AmoMeuPaieMinhaMae\n|\n|t:|1791063466\n|switch|p2a: Piloswine|Piloswine, M|100/100\n|-damage|p2a: Piloswine|88/100|[from] Stealth Rock\n|turn|15\n|\n|t:|1791063484\n|move|p1a: Landorus|Toxic|p2a: Piloswine\n|-status|p2a: Piloswine|tox\n|move|p2a: Piloswine|Stealth Rock|p1a: Landorus\n|-sidestart|p1: notlena|move: Stealth Rock\n|\n|-damage|p2a: Piloswine|82/100 tox|[from] psn\n|upkeep\n|turn|16\n|\n|t:|1791063492\n|move|p2a: Piloswine|Ice Shard|p1a: Landorus\n|-supereffective|p1a: Landorus\n|-damage|p1a: Landorus|3/100\n|move|p1a: Landorus|Defog|p2a: Piloswine\n|-unboost|p2a: Piloswine|evasion|1\n|-sideend|p2: sagazinha|Stealth Rock|[from] move: Defog|[of] p1a: Landorus\n|-sideend|p1: notlena|Spikes|[from] move: Defog|[of] p1a: Landorus\n|-sideend|p1: notlena|Stealth Rock|[from] move: Defog|[of] p1a: Landorus\n|\n|-damage|p2a: Piloswine|70/100 tox|[from] psn\n|upkeep\n|turn|17\n|\n|t:|1791063498\n|move|p1a: Landorus|Earthquake|p2a: Piloswine\n|-damage|p2a: Piloswine|35/100 tox\n|move|p2a: Piloswine|Stealth Rock|p1a: Landorus\n|-sidestart|p1: notlena|move: Stealth Rock\n|\n|-damage|p2a: Piloswine|17/100 tox|[from] psn\n|upkeep\n|turn|18\n|\n|t:|1791063502\n|move|p2a: Piloswine|Ice Shard|p1a: Landorus\n|-supereffective|p1a: Landorus\n|-damage|p1a: Landorus|0 fnt\n|faint|p1a: Landorus\n|\n|-damage|p2a: Piloswine|0 fnt|[from] psn\n|faint|p2a: Piloswine\n|upkeep\n|j| memphisdepayy\n|\n|t:|1791063509\n|switch|p1a: Tapu Fini|Tapu Fini|72/100\n|switch|p2a: Raboot|Raboot, F|100/100\n|-damage|p1a: Tapu Fini|60/100|[from] Stealth Rock\n|-fieldstart|move: Misty Terrain|[from] ability: Misty Surge|[of] p1a: Tapu Fini\n|turn|19\n|c| memphisdepayy|seloco\n|c| memphisdepayy|matou 1\n|\n|t:|1791063515\n|move|p2a: Raboot|U-turn|p1a: Tapu Fini\n|-start|p2a: Raboot|typechange|Bug|[from] ability: Libero\n|-resisted|p1a: Tapu Fini\n|-damage|p1a: Tapu Fini|50/100\n|c|\u2606sagazinha|ta disputado.\n|\n|t:|1791063520\n|switch|p2a: Roselia|Roselia, M|100/100|[from] U-turn\n|move|p1a: Tapu Fini|Nature's Madness|p2a: Roselia\n|-damage|p2a: Roselia|51/100\n|\n|-heal|p1a: Tapu Fini|56/100|[from] item: Leftovers\n|upkeep\n|turn|20\n|\n|t:|1791063525\n|switch|p1a: Heatran|Heatran, M|100/100\n|-damage|p1a: Heatran|88/100|[from] Stealth Rock\n|-item|p1a: Heatran|Air Balloon\n|switch|p2a: Raboot|Raboot, F|100/100\n|\n|upkeep\n|turn|21\n|\n|t:|1791063536\n|switch|p1a: Tapu Fini|Tapu Fini|56/100\n|-damage|p1a: Tapu Fini|44/100|[from] Stealth Rock\n|move|p2a: Raboot|U-turn|p1a: Tapu Fini\n|-start|p2a: Raboot|typechange|Bug|[from] ability: Libero\n|-resisted|p1a: Tapu Fini\n|-damage|p1a: Tapu Fini|35/100\n|\n|t:|1791063539\n|switch|p2a: Roselia|Roselia, M|51/100|[from] U-turn\n|\n|-heal|p1a: Tapu Fini|41/100|[from] item: Leftovers\n|upkeep\n|turn|22\n|\n|t:|1791063542\n|move|p1a: Tapu Fini|Taunt|p2a: Roselia\n|-start|p2a: Roselia|move: Taunt\n|cant|p2a: Roselia|move: Taunt|Spikes\n|\n|-heal|p1a: Tapu Fini|47/100|[from] item: Leftovers\n|upkeep\n|turn|23\n|\n|t:|1791063550\n|switch|p1a: Melmetal|Melmetal|85/100\n|-damage|p1a: Melmetal|79/100|[from] Stealth Rock\n|switch|p2a: Slowpoke|Slowpoke, M|35/100\n|\n|-fieldend|Misty Terrain\n|upkeep\n|turn|24\n|\n|t:|1791063555\n|move|p1a: Melmetal|Thunder Punch|p2a: Slowpoke\n|-supereffective|p2a: Slowpoke\n|-damage|p2a: Slowpoke|0 fnt\n|faint|p2a: Slowpoke\n|\n|upkeep\n|\n|t:|1791063557\n|switch|p2a: Raboot|Raboot, F|100/100\n|turn|25\n|\n|t:|1791063559\n|move|p2a: Raboot|High Jump Kick|p1a: Melmetal\n|-start|p2a: Raboot|typechange|Fighting|[from] ability: Libero\n|-supereffective|p1a: Melmetal\n|-damage|p1a: Melmetal|18/100\n|move|p1a: Melmetal|Double Iron Bash|p2a: Raboot\n|-damage|p2a: Raboot|28/100\n|-damage|p2a: Raboot|0 fnt\n|faint|p2a: Raboot\n|-hitcount|p2: Raboot|2\n|\n|upkeep\n|c| memphisdepayy|quase\n|\n|t:|1791063566\n|switch|p2a: Vullaby|Vullaby, F|51/100 tox\n|turn|26\n|c| mipc|unlucky\n|\n|t:|1791063570\n|move|p2a: Vullaby|Knock Off|p1a: Melmetal\n|-damage|p1a: Melmetal|7/100\n|-enditem|p1a: Melmetal|Assault Vest|[from] move: Knock Off|[of] p2a: Vullaby\n|move|p1a: Melmetal|Thunder Punch|p2a: Vullaby\n|-supereffective|p2a: Vullaby\n|-damage|p2a: Vullaby|0 fnt\n|faint|p2a: Vullaby\n|\n|upkeep\n|c|\u2606sagazinha|quase\n|c| memphisdepayy|Seloco\n|\n|t:|1791063576\n|switch|p2a: Roselia|Roselia, M|51/100\n|turn|27\n|c| memphisdepayy|da 11\n|c| memphisdepayy|com item\n|l| mipc\n|\n|t:|1791063583\n|switch|p1a: Heatran|Heatran, M|88/100\n|-damage|p1a: Heatran|76/100|[from] Stealth Rock\n|-item|p1a: Heatran|Air Balloon\n|move|p2a: Roselia|Synthesis|p2a: Roselia\n|-heal|p2a: Roselia|100/100\n|\n|upkeep\n|turn|28\n|\n|t:|1791063586\n|move|p1a: Heatran|Magma Storm|p2a: Roselia\n|-supereffective|p2a: Roselia\n|-damage|p2a: Roselia|29/100\n|-activate|p2a: Roselia|move: Magma Storm|[of] p1a: Heatran\n|move|p2a: Roselia|Covet|p1a: Heatran\n|-resisted|p1a: Heatran\n|-damage|p1a: Heatran|73/100\n|-enditem|p1a: Heatran|Air Balloon\n|\n|-damage|p2a: Roselia|17/100|[from] move: Magma Storm|[partiallytrapped]\n|upkeep\n|turn|29\n|\n|t:|1791063588\n|move|p1a: Heatran|Earth Power|p2a: Roselia\n|-damage|p2a: Roselia|0 fnt\n|faint|p2a: Roselia\n|\n|win|notlena\n|n|\u2606notlena|notlena\n|n|\u2606sagazinha|sagazinha\n|n| AmoMeuPaieMinhaMae|amomeupaieminhamae\n|n| memphisdepayy|memphisdepayy\n", "uploadtime": 1791063591, "views": "4", "formatid": "gen8ou", "rating": null, "private": 0, "password": null}