{"id": "gen8ou-2689527423", "format": "[Gen 8] OU", "players": ["atemgrimmjow", "Quetzzal"], "log": "|j|\u2606atemgrimmjow\n|j|\u2606Quetzzal\n|t:|1790641815\n|gametype|singles\n|player|p1|atemgrimmjow|red|1279\n|player|p2|Quetzzal|clerk|1100\n|gen|8\n|tier|[Gen 8] OU\n|rated|\n|rule|HP Percentage Mod: HP is shown in percentages\n|rule|Endless Battle Clause: Forcing endless battles is banned\n|rule|Sleep Clause Mod: Limit one foe put to sleep\n|rule|Species Clause: Limit one of each Pok\u00e9mon\n|rule|OHKO Clause: OHKO moves are banned\n|rule|Evasion Items Clause: Evasion items are banned\n|rule|Evasion Moves Clause: Evasion moves are banned\n|rule|Dynamax Clause: You cannot dynamax\n|clearpoke\n|poke|p1|Hatterene, F|\n|poke|p1|Porygon2|\n|poke|p1|Cresselia, F|\n|poke|p1|Melmetal|\n|poke|p1|Marowak-Alola, M|\n|poke|p1|Crawdaunt, M|\n|poke|p2|Alakazam, F|\n|poke|p2|Melmetal|\n|poke|p2|Dragonite, F|\n|poke|p2|Blaziken, M|\n|poke|p2|Ninetales-Alola, F|\n|poke|p2|Celesteela|\n|teampreview\n|inactive|Battle timer is ON: inactive players will automatically lose when time's up. (requested by atemgrimmjow)\n|\n|t:|1790641886\n|teamsize|p1|6\n|teamsize|p2|6\n|start\n|switch|p1a: Porygon2|Porygon2|100/100\n|switch|p2a: Melmetal|Melmetal|100/100\n|-ability|p1a: Porygon2|Iron Fist|Trace|[from] ability: Trace|[of] p2a: Melmetal\n|turn|1\n|\n|t:|1790641894\n|move|p2a: Melmetal|Double Iron Bash|p1a: Porygon2\n|-damage|p1a: Porygon2|83/100\n|-damage|p1a: Porygon2|63/100\n|-hitcount|p1a: Porygon2|2\n|move|p1a: Porygon2|Trick Room|p1a: Porygon2\n|-fieldstart|move: Trick Room|[of] p1a: Porygon2\n|\n|upkeep\n|turn|2\n|\n|t:|1790641905\n|move|p2a: Melmetal|Thunder Punch|p1a: Porygon2\n|-damage|p1a: Porygon2|45/100\n|move|p1a: Porygon2|Teleport|p1a: Porygon2\n|inactive|atemgrimmjow has 120 seconds left.\n|\n|t:|1790641936\n|switch|p1a: Marowak|Marowak-Alola, M|100/100|[from] Teleport\n|\n|upkeep\n|turn|3\n|inactive|atemgrimmjow has 120 seconds left.\n|\n|t:|1790641964\n|move|p1a: Marowak|Flare Blitz|p2a: Melmetal\n|-supereffective|p2a: Melmetal\n|-damage|p2a: Melmetal|0 fnt\n|faint|p2a: Melmetal\n|\n|upkeep\n|\n|t:|1790641971\n|switch|p2a: Titana|Celesteela|100/100\n|turn|4\n|\n|t:|1790641984\n|switch|p2a: Dragonite|Dragonite, F|100/100\n|move|p1a: Marowak|Flare Blitz|p2a: Dragonite\n|-resisted|p2a: Dragonite\n|-damage|p2a: Dragonite|74/100\n|\n|upkeep\n|turn|5\n|\n|t:|1790641997\n|move|p1a: Marowak|Poltergeist|p2a: Dragonite\n|-activate|p2a: Dragonite|move: Poltergeist|Heavy-Duty Boots\n|-damage|p2a: Dragonite|0 fnt\n|faint|p2a: Dragonite\n|\n|-fieldend|move: Trick Room\n|upkeep\n|\n|t:|1790642008\n|switch|p2a: Alakazam|Alakazam, F|100/100\n|turn|6\n|\n|t:|1790642016\n|switch|p1a: Porygon2|Porygon2|45/100\n|-ability|p1a: Porygon2|Magic Guard|Trace|[from] ability: Trace|[of] p2a: Alakazam\n|move|p2a: Alakazam|Nasty Plot|p2a: Alakazam\n|-boost|p2a: Alakazam|spa|2\n|\n|upkeep\n|turn|7\n|\n|t:|1790642025\n|move|p2a: Alakazam|Psychic|p1a: Porygon2\n|-damage|p1a: Porygon2|0 fnt\n|faint|p1a: Porygon2\n|\n|upkeep\n|\n|t:|1790642030\n|switch|p1a: Hatterene|Hatterene, F|100/100\n|turn|8\n|\n|t:|1790642034\n|move|p2a: Alakazam|Shadow Ball|p1a: Hatterene\n|-supereffective|p1a: Hatterene\n|-enditem|p1a: Hatterene|Focus Sash\n|-damage|p1a: Hatterene|1/100\n|-unboost|p1a: Hatterene|spd|1\n|move|p1a: Hatterene|Trick Room|p1a: Hatterene\n|-fieldstart|move: Trick Room|[of] p1a: Hatterene\n|\n|upkeep\n|turn|9\n|\n|t:|1790642043\n|switch|p2a: Ninetales|Ninetales-Alola, F|100/100\n|-weather|Hail|[from] ability: Snow Warning|[of] p2a: Ninetales\n|move|p1a: Hatterene|Healing Wish|p1a: Hatterene\n|faint|p1a: Hatterene\n|\n|-weather|Hail|[upkeep]\n|upkeep\n|\n|t:|1790642049\n|switch|p1a: Marowak|Marowak-Alola, M|100/100\n|turn|10\n|\n|t:|1790642054\n|move|p1a: Marowak|Flare Blitz|p2a: Ninetales\n|-supereffective|p2a: Ninetales\n|-damage|p2a: Ninetales|0 fnt\n|faint|p2a: Ninetales\n|\n|-weather|Hail|[upkeep]\n|-damage|p1a: Marowak|94/100|[from] Hail\n|upkeep\n|\n|t:|1790642057\n|switch|p2a: Blaziken|Blaziken, M|100/100\n|turn|11\n|\n|t:|1790642062\n|move|p2a: Blaziken|Protect|p2a: Blaziken\n|-singleturn|p2a: Blaziken|Protect\n|move|p1a: Marowak|Swords Dance|p1a: Marowak\n|-boost|p1a: Marowak|atk|2\n|\n|-weather|Hail|[upkeep]\n|-damage|p1a: Marowak|88/100|[from] Hail\n|-damage|p2a: Blaziken|94/100|[from] Hail\n|-heal|p2a: Blaziken|100/100|[from] item: Leftovers\n|-ability|p2a: Blaziken|Speed Boost|boost\n|-boost|p2a: Blaziken|spe|1\n|upkeep\n|turn|12\n|\n|t:|1790642079\n|move|p2a: Blaziken|Protect|p2a: Blaziken\n|-singleturn|p2a: Blaziken|Protect\n|move|p1a: Marowak|Poltergeist|p2a: Blaziken\n|-activate|p2a: Blaziken|move: Protect\n|\n|-weather|Hail|[upkeep]\n|-damage|p1a: Marowak|82/100|[from] Hail\n|-damage|p2a: Blaziken|94/100|[from] Hail\n|-heal|p2a: Blaziken|100/100|[from] item: Leftovers\n|-fieldend|move: Trick Room\n|-ability|p2a: Blaziken|Speed Boost|boost\n|-boost|p2a: Blaziken|spe|1\n|upkeep\n|turn|13\n|\n|t:|1790642091\n|switch|p1a: Cresselia|Cresselia, F|100/100\n|move|p2a: Blaziken|Swords Dance|p2a: Blaziken\n|-boost|p2a: Blaziken|atk|2\n|\n|-weather|none\n|-ability|p2a: Blaziken|Speed Boost|boost\n|-boost|p2a: Blaziken|spe|1\n|upkeep\n|turn|14\n|\n|t:|1790642099\n|move|p2a: Blaziken|Flare Blitz|p1a: Cresselia\n|-damage|p1a: Cresselia|40/100\n|-damage|p2a: Blaziken|74/100|[from] Recoil\n|move|p1a: Cresselia|Trick Room|p1a: Cresselia\n|-fieldstart|move: Trick Room|[of] p1a: Cresselia\n|\n|-heal|p2a: Blaziken|81/100|[from] item: Leftovers\n|-ability|p2a: Blaziken|Speed Boost|boost\n|-boost|p2a: Blaziken|spe|1\n|upkeep\n|turn|15\n|\n|t:|1790642108\n|move|p1a: Cresselia|Moonlight|p1a: Cresselia\n|-heal|p1a: Cresselia|90/100\n|move|p2a: Blaziken|Flare Blitz|p1a: Cresselia\n|-damage|p1a: Cresselia|31/100\n|-damage|p2a: Blaziken|55/100|[from] Recoil\n|\n|-heal|p2a: Blaziken|61/100|[from] item: Leftovers\n|-ability|p2a: Blaziken|Speed Boost|boost\n|-boost|p2a: Blaziken|spe|1\n|upkeep\n|turn|16\n|\n|t:|1790642121\n|move|p1a: Cresselia|Lunar Dance|p1a: Cresselia\n|faint|p1a: Cresselia\n|move|p2a: Blaziken|Flare Blitz|p1: Cresselia|[notarget]\n|-fail|p2a: Blaziken\n|\n|-heal|p2a: Blaziken|67/100|[from] item: Leftovers\n|-ability|p2a: Blaziken|Speed Boost|boost\n|-boost|p2a: Blaziken|spe|1\n|upkeep\n|\n|t:|1790642130\n|switch|p1a: Melmetal|Melmetal|100/100\n|turn|17\n|\n|t:|1790642141\n|move|p2a: Blaziken|Protect|p2a: Blaziken\n|-singleturn|p2a: Blaziken|Protect\n|move|p1a: Melmetal|Double Iron Bash|p2a: Blaziken\n|-activate|p2a: Blaziken|move: Protect\n|\n|-heal|p2a: Blaziken|73/100|[from] item: Leftovers\n|upkeep\n|turn|18\n|\n|t:|1790642150\n|move|p1a: Melmetal|Thunder Punch|p2a: Blaziken\n|-damage|p2a: Blaziken|3/100\n|-damage|p1a: Melmetal|91/100|[from] item: Life Orb\n|move|p2a: Blaziken|Flare Blitz|p1a: Melmetal\n|-supereffective|p1a: Melmetal\n|-damage|p1a: Melmetal|0 fnt\n|faint|p1a: Melmetal\n|-damage|p2a: Blaziken|0 fnt|[from] Recoil\n|faint|p2a: Blaziken\n|\n|-fieldend|move: Trick Room\n|upkeep\n|\n|t:|1790642162\n|switch|p2a: Titana|Celesteela|100/100\n|switch|p1a: Crawdaunt|Crawdaunt, M|100/100\n|turn|19\n|\n|t:|1790642173\n|move|p2a: Titana|Meteor Beam||[still]\n|-prepare|p2a: Titana|Meteor Beam\n|-boost|p2a: Titana|spa|1\n|-enditem|p2a: Titana|Power Herb\n|-anim|p2a: Titana|Meteor Beam|p1a: Crawdaunt\n|-damage|p1a: Crawdaunt|8/100\n|move|p1a: Crawdaunt|Knock Off|p2a: Titana\n|-damage|p2a: Titana|43/100\n|-damage|p1a: Crawdaunt|0 fnt|[from] item: Life Orb\n|faint|p1a: Crawdaunt\n|\n|upkeep\n|\n|t:|1790642183\n|switch|p1a: Marowak|Marowak-Alola, M|82/100\n|-heal|p1a: Marowak|100/100|[from] move: Healing Wish\n|-heal|p1a: Marowak|100/100|[from] move: Lunar Dance\n|turn|20\n|\n|t:|1790642189\n|move|p2a: Titana|Air Slash|p1a: Marowak\n|-damage|p1a: Marowak|26/100\n|move|p1a: Marowak|Flare Blitz|p2a: Titana\n|-supereffective|p2a: Titana\n|-crit|p2a: Titana\n|-damage|p2a: Titana|0 fnt\n|faint|p2a: Titana\n|\n|upkeep\n|\n|t:|1790642193\n|switch|p2a: Alakazam|Alakazam, F|100/100\n|turn|21\n|\n|t:|1790642197\n|move|p2a: Alakazam|Shadow Ball|p1a: Marowak\n|-supereffective|p1a: Marowak\n|-damage|p1a: Marowak|0 fnt\n|faint|p1a: Marowak\n|\n|win|Quetzzal\n|raw|atemgrimmjow's rating: 1279 &rarr; <strong>1242</strong><br />(-37 for losing)\n|raw|Quetzzal's rating: 1100 &rarr; <strong>1137</strong><br />(+37 for winning)\n|l|\u2606atemgrimmjow\n|player|p1|\n", "uploadtime": 1790642208, "views": "10", "formatid": "gen8ou", "rating": 1137, "private": 0, "password": null}