{"id": "gen8ou-2692372729", "format": "[Gen 8] OU", "players": ["lctrem", "sussaix"], "log": "|j|\u2606lctrem\n|j|\u2606sussaix\n|inactive|Battle timer is ON: inactive players will automatically lose when time's up.\n|t:|1791064362\n|gametype|singles\n|player|p1|lctrem|ghetsis|\n|player|p2|sussaix|lady|\n|gen|8\n|tier|[Gen 8] OU\n|rated|Tournament battle\n|rule|HP Percentage Mod: HP is shown in percentages\n|rule|Endless Battle Clause: Forcing endless battles is banned\n|rule|Sleep Clause Mod: Limit one foe put to sleep\n|rule|Species Clause: Limit one of each Pok\u00e9mon\n|rule|OHKO Clause: OHKO moves are banned\n|rule|Evasion Items Clause: Evasion items are banned\n|rule|Evasion Moves Clause: Evasion moves are banned\n|rule|Dynamax Clause: You cannot dynamax\n|clearpoke\n|poke|p1|Kartana|\n|poke|p1|Blaziken, F|\n|poke|p1|Nihilego|\n|poke|p1|Landorus-Therian, M|\n|poke|p1|Urshifu-*, F|\n|poke|p1|Celesteela|\n|poke|p2|Rillaboom, F|\n|poke|p2|Garchomp, F|\n|poke|p2|Heatran, M|\n|poke|p2|Tornadus-Therian, M|\n|poke|p2|Rotom-Wash|\n|poke|p2|Clefable, F|\n|teampreview\n|j| gvasco\n|j| GRENINJA_mdm\n|j|+golpista\n|j| o opala branco\n|j| doso749\n|j| aoi_happy\n|c| o opala branco|mdm\n|j| NinjaCaro\n|\n|t:|1791064388\n|teamsize|p1|6\n|teamsize|p2|6\n|start\n|switch|p1a: Urshifu|Urshifu-Rapid-Strike, F|100/100\n|switch|p2a: Rillaboom|Rillaboom, F|100/100\n|-fieldstart|move: Grassy Terrain|[from] ability: Grassy Surge|[of] p2a: Rillaboom\n|turn|1\n|c| o opala branco|drafft  hj\n|\n|t:|1791064410\n|move|p1a: Urshifu|U-turn|p2a: Rillaboom\n|-supereffective|p2a: Rillaboom\n|-damage|p2a: Rillaboom|47/100\n|\n|t:|1791064413\n|switch|p1a: Landorus|Landorus-Therian, M|100/100|[from] U-turn\n|-ability|p1a: Landorus|Intimidate|boost\n|-unboost|p2a: Rillaboom|atk|1\n|move|p2a: Rillaboom|Swords Dance|p2a: Rillaboom\n|-boost|p2a: Rillaboom|atk|2\n|\n|-heal|p2a: Rillaboom|53/100|[from] Grassy Terrain\n|upkeep\n|turn|2\n|j| Cataclyismo\n|j| AmoMeuPaieMinhaMae\n|\n|t:|1791064433\n|move|p2a: Rillaboom|Grassy Glide|p1a: Landorus\n|-damage|p1a: Landorus|0 fnt\n|faint|p1a: Landorus\n|-damage|p2a: Rillaboom|43/100|[from] item: Life Orb\n|\n|-heal|p2a: Rillaboom|49/100|[from] Grassy Terrain\n|upkeep\n|inactive|lctrem has 120 seconds left.\n|\n|t:|1791064450\n|switch|p1a: Blaziken|Blaziken, F|100/100\n|turn|3\n|\n|t:|1791064465\n|move|p2a: Rillaboom|Grassy Glide|p1a: Blaziken\n|-resisted|p1a: Blaziken\n|-damage|p1a: Blaziken|32/100\n|-damage|p2a: Rillaboom|39/100|[from] item: Life Orb\n|move|p1a: Blaziken|Close Combat|p2a: Rillaboom\n|-damage|p2a: Rillaboom|0 fnt\n|-unboost|p1a: Blaziken|def|1\n|-unboost|p1a: Blaziken|spd|1\n|faint|p2a: Rillaboom\n|-damage|p1a: Blaziken|22/100|[from] item: Life Orb\n|\n|-heal|p1a: Blaziken|28/100|[from] Grassy Terrain\n|-ability|p1a: Blaziken|Speed Boost|boost\n|-boost|p1a: Blaziken|spe|1\n|upkeep\n|j| anos luz\n|c| doso749|lctrem\n|\n|t:|1791064483\n|switch|p2a: Tornadus|Tornadus-Therian, M|100/100\n|turn|4\n|c| doso749|tu e ruim mds\n|c| doso749|bixo\n|\n|t:|1791064489\n|move|p1a: Blaziken|Flare Blitz|p2a: Tornadus\n|-crit|p2a: Tornadus\n|-damage|p2a: Tornadus|0 fnt\n|faint|p2a: Tornadus\n|-damage|p1a: Blaziken|0 fnt|[from] Recoil\n|faint|p1a: Blaziken\n|\n|upkeep\n|c| doso749|para de jogar o jogo\n|c| doso749|lixao\n|c|\u2606lctrem|mb\n|c| doso749|so rouba\n|c| doso749|pqp\n|inactive|sussaix has 120 seconds left.\n|\n|t:|1791064516\n|switch|p2a: Heatran|Heatran, M|100/100\n|switch|p1a: Nihilego|Nihilego|100/100\n|turn|5\n|\n|t:|1791064521\n|move|p1a: Nihilego|Meteor Beam||[still]\n|-prepare|p1a: Nihilego|Meteor Beam\n|-boost|p1a: Nihilego|spa|1\n|-enditem|p1a: Nihilego|Power Herb\n|-anim|p1a: Nihilego|Meteor Beam|p2a: Heatran\n|-damage|p2a: Heatran|42/100\n|move|p2a: Heatran|Earth Power|p1a: Nihilego\n|-supereffective|p1a: Nihilego\n|-damage|p1a: Nihilego|27/100\n|\n|-heal|p1a: Nihilego|33/100|[from] Grassy Terrain\n|-heal|p2a: Heatran|48/100|[from] Grassy Terrain\n|-heal|p2a: Heatran|54/100|[from] item: Leftovers\n|-fieldend|move: Grassy Terrain\n|upkeep\n|turn|6\n|\n|t:|1791064528\n|move|p1a: Nihilego|Stealth Rock|p2a: Heatran\n|-sidestart|p2: sussaix|move: Stealth Rock\n|move|p2a: Heatran|Earth Power|p1a: Nihilego\n|-supereffective|p1a: Nihilego\n|-damage|p1a: Nihilego|0 fnt\n|faint|p1a: Nihilego\n|\n|-heal|p2a: Heatran|61/100|[from] item: Leftovers\n|upkeep\n|\n|t:|1791064535\n|switch|p1a: Kartana|Kartana|100/100\n|turn|7\n|\n|t:|1791064539\n|switch|p2a: Clefable|Clefable, F|100/100\n|move|p1a: Kartana|Sacred Sword|p2a: Clefable\n|-resisted|p2a: Clefable\n|-damage|p2a: Clefable|84/100\n|\n|-heal|p2a: Clefable|90/100|[from] item: Leftovers\n|upkeep\n|turn|8\n|\n|t:|1791064546\n|move|p1a: Kartana|Swords Dance|p1a: Kartana\n|-boost|p1a: Kartana|atk|2\n|move|p2a: Clefable|Thunder|p1a: Kartana|[miss]\n|-miss|p2a: Clefable|p1a: Kartana\n|\n|-heal|p2a: Clefable|96/100|[from] item: Leftovers\n|upkeep\n|turn|9\n|\n|t:|1791064549\n|move|p1a: Kartana|Leaf Blade|p2a: Clefable\n|-damage|p2a: Clefable|4/100\n|move|p2a: Clefable|Moonblast|p1a: Kartana\n|-resisted|p1a: Kartana\n|-damage|p1a: Kartana|49/100\n|-unboost|p1a: Kartana|spa|1\n|\n|-heal|p2a: Clefable|10/100|[from] item: Leftovers\n|upkeep\n|turn|10\n|c| doso749|roubo\n|j| SV RIXK1_\n|\n|t:|1791064553\n|move|p1a: Kartana|Leaf Blade|p2a: Clefable\n|-damage|p2a: Clefable|0 fnt\n|faint|p2a: Clefable\n|-ability|p1a: Kartana|Beast Boost|boost\n|-boost|p1a: Kartana|atk|1\n|\n|upkeep\n|c|\u2606lctrem|era so ele bater 2 monblat ele q nao quis\n|\n|t:|1791064577\n|switch|p2a: Heatran|Heatran, M|61/100\n|-damage|p2a: Heatran|48/100|[from] Stealth Rock\n|turn|11\n|\n|t:|1791064593\n|move|p1a: Kartana|Sacred Sword|p2a: Heatran\n|-supereffective|p2a: Heatran\n|-damage|p2a: Heatran|0 fnt\n|faint|p2a: Heatran\n|-ability|p1a: Kartana|Beast Boost|boost\n|-boost|p1a: Kartana|atk|1\n|\n|upkeep\n|c| doso749|ue mn\n|c|\u2606sussaix|gg\n|l| anos luz\n|c|\u2606lctrem|gg\n|c| doso749|ele acho que vc ai troca\n|c| doso749|pra cekesteeka\n|c|\u2606lctrem|claro\n|inactive|sussaix has 120 seconds left.\n|c|\u2606lctrem|faz sentido\n|-message|sussaix forfeited.\n|\n|win|lctrem\n|n|\u2606lctrem|lctrem\n|n|\u2606sussaix|sussaix\n|n| gvasco|gvasco\n|n| GRENINJA_mdm|greninjamdm\n|n| golpista|golpista\n|n| o opala branco|oopalabranco\n|n| doso749|doso749\n|n| aoi_happy|aoihappy\n|n| NinjaCaro|ninjacaro\n|n| Cataclyismo|cataclyismo\n|n| AmoMeuPaieMinhaMae|amomeupaieminhamae\n|n| SV RIXK1_|svrixk1\n|l|\u2606sussaix\n|player|p2|\n|l| Cataclyismo\n|l|\u2606lctrem\n|player|p1|\n|l| AmoMeuPaieMinhaMae\n|l| gvasco\n|l| GRENINJA_mdm\n|l| doso749\n|l| NinjaCaro\n|l| SV RIXK1_\n|l| o opala branco\n|l| aoi_happy\n", "uploadtime": 1791064612, "views": "2", "formatid": "gen8ou", "rating": null, "private": 0, "password": null}