{"id": "gen8ou-2691208364", "format": "[Gen 8] OU", "players": ["TDR", "s0meone-r4ndom"], "log": "|j|\u2606TDR\n|j|\u2606s0meone-r4ndom\n|t:|1790882195\n|gametype|singles\n|player|p1|TDR|#psplxiiihindi|\n|player|p2|s0meone-r4ndom|170|\n|gen|8\n|tier|[Gen 8] OU\n|rated|Tournament battle\n|rule|HP Percentage Mod: HP is shown in percentages\n|rule|Endless Battle Clause: Forcing endless battles is banned\n|rule|Sleep Clause Mod: Limit one foe put to sleep\n|rule|Species Clause: Limit one of each Pok\u00e9mon\n|rule|OHKO Clause: OHKO moves are banned\n|rule|Evasion Items Clause: Evasion items are banned\n|rule|Evasion Moves Clause: Evasion moves are banned\n|rule|Dynamax Clause: You cannot dynamax\n|clearpoke\n|poke|p1|Garchomp, M|\n|poke|p1|Landorus-Therian, M|\n|poke|p1|Tapu Fini|\n|poke|p1|Kartana|\n|poke|p1|Tapu Lele|\n|poke|p1|Magnezone|\n|poke|p2|Nidoking, M|\n|poke|p2|Urshifu-*, M|\n|poke|p2|Tapu Lele|\n|poke|p2|Rotom-Wash|\n|poke|p2|Heatran, F|\n|poke|p2|Tornadus-Therian, M|\n|teampreview\n|j| BB-8-NU\n|j| Skittyrox\n|\n|t:|1790882216\n|teamsize|p1|6\n|teamsize|p2|6\n|start\n|switch|p1a: Landorus|Landorus-Therian, M|100/100\n|switch|p2a: Urshifu|Urshifu-Rapid-Strike, M|100/100\n|-ability|p1a: Landorus|Intimidate|boost\n|-unboost|p2a: Urshifu|atk|1\n|turn|1\n|\n|t:|1790882239\n|move|p2a: Urshifu|U-turn|p1a: Landorus\n|-resisted|p1a: Landorus\n|-damage|p1a: Landorus|85/100\n|\n|t:|1790882246\n|switch|p2a: Rotom|Rotom-Wash|100/100|[from] U-turn\n|move|p1a: Landorus|Stealth Rock|p2a: Rotom\n|-sidestart|p2: s0meone-r4ndom|move: Stealth Rock\n|\n|upkeep\n|turn|2\n|\n|t:|1790882260\n|move|p1a: Landorus|Explosion|p2a: Rotom\n|-enditem|p1a: Landorus|Normal Gem|[from] gem|[move] Explosion\n|-damage|p2a: Rotom|0 fnt\n|faint|p1a: Landorus\n|faint|p2a: Rotom\n|\n|upkeep\n|\n|t:|1790882278\n|switch|p1a: Garchomp|Garchomp, M|100/100\n|switch|p2a: Nidoking|Nidoking, M|100/100\n|-damage|p2a: Nidoking|95/100|[from] Stealth Rock\n|turn|3\n|\n|t:|1790882294\n|move|p1a: Garchomp|Substitute|p1a: Garchomp\n|-start|p1a: Garchomp|Substitute\n|-damage|p1a: Garchomp|75/100\n|move|p2a: Nidoking|Ice Beam|p1a: Garchomp\n|-supereffective|p1a: Garchomp\n|-end|p1a: Garchomp|Substitute\n|\n|-heal|p1a: Garchomp|82/100|[from] item: Leftovers\n|upkeep\n|turn|4\n|\n|t:|1790882303\n|switch|p2a: Tapu Lele|Tapu Lele|100/100\n|-damage|p2a: Tapu Lele|88/100|[from] Stealth Rock\n|-fieldstart|move: Psychic Terrain|[from] ability: Psychic Surge|[of] p2a: Tapu Lele\n|move|p1a: Garchomp|Earthquake|p2a: Tapu Lele\n|-damage|p2a: Tapu Lele|23/100\n|\n|-heal|p1a: Garchomp|88/100|[from] item: Leftovers\n|upkeep\n|turn|5\n|\n|t:|1790882311\n|switch|p1a: Magnezone|Magnezone|100/100\n|move|p2a: Tapu Lele|Moonblast|p1a: Magnezone\n|-resisted|p1a: Magnezone\n|-damage|p1a: Magnezone|73/100\n|\n|upkeep\n|turn|6\n|\n|t:|1790882333\n|switch|p2a: Heatran|Heatran, F|100/100\n|-damage|p2a: Heatran|88/100|[from] Stealth Rock\n|move|p1a: Magnezone|Flash Cannon|p2a: Heatran\n|-resisted|p2a: Heatran\n|-damage|p2a: Heatran|83/100\n|\n|-heal|p2a: Heatran|89/100|[from] item: Leftovers\n|upkeep\n|turn|7\n|\n|t:|1790882359\n|switch|p1a: Garchomp|Garchomp, M|88/100\n|move|p2a: Heatran|Stealth Rock|p1a: Garchomp\n|-sidestart|p1: TDR|move: Stealth Rock\n|\n|-heal|p1a: Garchomp|94/100|[from] item: Leftovers\n|-heal|p2a: Heatran|95/100|[from] item: Leftovers\n|upkeep\n|turn|8\n|\n|t:|1790882365\n|switch|p2a: Tornadus|Tornadus-Therian, M|100/100\n|move|p1a: Garchomp|Substitute|p1a: Garchomp\n|-start|p1a: Garchomp|Substitute\n|-damage|p1a: Garchomp|69/100\n|\n|-heal|p1a: Garchomp|75/100|[from] item: Leftovers\n|-fieldend|move: Psychic Terrain\n|upkeep\n|turn|9\n|\n|t:|1790882377\n|move|p2a: Tornadus|Hurricane|p1a: Garchomp\n|-end|p1a: Garchomp|Substitute\n|move|p1a: Garchomp|Swords Dance|p1a: Garchomp\n|-boost|p1a: Garchomp|atk|2\n|\n|-heal|p1a: Garchomp|81/100|[from] item: Leftovers\n|upkeep\n|turn|10\n|\n|t:|1790882389\n|move|p2a: Tornadus|U-turn|p1a: Garchomp\n|-damage|p1a: Garchomp|69/100\n|-damage|p2a: Tornadus|88/100|[from] ability: Rough Skin|[of] p1a: Garchomp\n|\n|t:|1790882392\n|switch|p2a: Tapu Lele|Tapu Lele|23/100|[from] U-turn\n|-damage|p2a: Tapu Lele|10/100|[from] Stealth Rock\n|-fieldstart|move: Psychic Terrain|[from] ability: Psychic Surge|[of] p2a: Tapu Lele\n|move|p1a: Garchomp|Scale Shot|p2a: Tapu Lele\n|-immune|p2a: Tapu Lele\n|\n|-heal|p1a: Garchomp|75/100|[from] item: Leftovers\n|upkeep\n|turn|11\n|\n|t:|1790882399\n|switch|p1a: Magnezone|Magnezone|73/100\n|-damage|p1a: Magnezone|67/100|[from] Stealth Rock\n|move|p2a: Tapu Lele|Moonblast|p1a: Magnezone\n|-resisted|p1a: Magnezone\n|-damage|p1a: Magnezone|36/100\n|\n|upkeep\n|turn|12\n|\n|t:|1790882408\n|move|p2a: Tapu Lele|Moonblast|p1a: Magnezone\n|-resisted|p1a: Magnezone\n|-damage|p1a: Magnezone|8/100\n|move|p1a: Magnezone|Body Press|p2a: Tapu Lele\n|-resisted|p2a: Tapu Lele\n|-damage|p2a: Tapu Lele|0 fnt\n|faint|p2a: Tapu Lele\n|\n|upkeep\n|\n|t:|1790882414\n|switch|p2a: Nidoking|Nidoking, M|95/100\n|-damage|p2a: Nidoking|89/100|[from] Stealth Rock\n|turn|13\n|\n|t:|1790882419\n|move|p2a: Nidoking|Ice Beam|p1a: Magnezone\n|-resisted|p1a: Magnezone\n|-damage|p1a: Magnezone|0 fnt\n|faint|p1a: Magnezone\n|\n|upkeep\n|\n|t:|1790882423\n|switch|p1a: Garchomp|Garchomp, M|75/100\n|-damage|p1a: Garchomp|69/100|[from] Stealth Rock\n|turn|14\n|\n|t:|1790882433\n|switch|p2a: Tornadus|Tornadus-Therian, M|100/100\n|move|p1a: Garchomp|Earthquake|p2a: Tornadus\n|-immune|p2a: Tornadus\n|\n|-heal|p1a: Garchomp|75/100|[from] item: Leftovers\n|-fieldend|move: Psychic Terrain\n|upkeep\n|turn|15\n|j| igiveuponaname\n|\n|t:|1790882440\n|move|p2a: Tornadus|Knock Off|p1a: Garchomp\n|-damage|p1a: Garchomp|59/100\n|-damage|p2a: Tornadus|88/100|[from] ability: Rough Skin|[of] p1a: Garchomp\n|-enditem|p1a: Garchomp|Leftovers|[from] move: Knock Off|[of] p2a: Tornadus\n|move|p1a: Garchomp|Scale Shot|p2a: Tornadus\n|-damage|p2a: Tornadus|77/100\n|-damage|p2a: Tornadus|65/100\n|-damage|p2a: Tornadus|53/100\n|-damage|p2a: Tornadus|42/100\n|-damage|p2a: Tornadus|31/100\n|-hitcount|p2a: Tornadus|5\n|-unboost|p1a: Garchomp|def|1\n|-boost|p1a: Garchomp|spe|1\n|\n|upkeep\n|turn|16\n|\n|t:|1790882452\n|move|p1a: Garchomp|Substitute|p1a: Garchomp\n|-start|p1a: Garchomp|Substitute\n|-damage|p1a: Garchomp|34/100\n|move|p2a: Tornadus|Hurricane|p1a: Garchomp|[miss]\n|-miss|p2a: Tornadus|p1a: Garchomp\n|\n|upkeep\n|turn|17\n|\n|t:|1790882457\n|move|p1a: Garchomp|Scale Shot|p2a: Tornadus\n|-damage|p2a: Tornadus|20/100\n|-damage|p2a: Tornadus|8/100\n|-damage|p2a: Tornadus|0 fnt\n|faint|p2a: Tornadus\n|-hitcount|p2: Tornadus|3\n|-unboost|p1a: Garchomp|def|1\n|-boost|p1a: Garchomp|spe|1\n|\n|upkeep\n|\n|t:|1790882458\n|switch|p2a: Urshifu|Urshifu-Rapid-Strike, M|100/100\n|-damage|p2a: Urshifu|94/100|[from] Stealth Rock\n|turn|18\n|\n|t:|1790882465\n|switch|p1a: Tapu Fini|Tapu Fini|100/100\n|-damage|p1a: Tapu Fini|88/100|[from] Stealth Rock\n|-fieldstart|move: Misty Terrain|[from] ability: Misty Surge|[of] p1a: Tapu Fini\n|move|p2a: Urshifu|Surging Strikes|p1a: Tapu Fini\n|-resisted|p1a: Tapu Fini\n|-crit|p1a: Tapu Fini\n|-damage|p1a: Tapu Fini|74/100\n|-resisted|p1a: Tapu Fini\n|-crit|p1a: Tapu Fini\n|-damage|p1a: Tapu Fini|60/100\n|-resisted|p1a: Tapu Fini\n|-crit|p1a: Tapu Fini\n|-damage|p1a: Tapu Fini|47/100\n|-hitcount|p1a: Tapu Fini|3\n|\n|-heal|p1a: Tapu Fini|53/100|[from] item: Leftovers\n|upkeep\n|turn|19\n|\n|t:|1790882481\n|switch|p2a: Nidoking|Nidoking, M|89/100\n|-damage|p2a: Nidoking|83/100|[from] Stealth Rock\n|move|p1a: Tapu Fini|Draining Kiss|p2a: Nidoking\n|-resisted|p2a: Nidoking\n|-damage|p2a: Nidoking|71/100\n|-heal|p1a: Tapu Fini|61/100|[from] drain|[of] p2a: Nidoking\n|\n|-heal|p1a: Tapu Fini|67/100|[from] item: Leftovers\n|upkeep\n|turn|20\n|\n|t:|1790882492\n|switch|p1a: Kartana|Kartana|100/100\n|-damage|p1a: Kartana|94/100|[from] Stealth Rock\n|move|p2a: Nidoking|Flamethrower|p1a: Kartana\n|-supereffective|p1a: Kartana\n|-damage|p1a: Kartana|0 fnt\n|faint|p1a: Kartana\n|\n|upkeep\n|\n|t:|1790882498\n|switch|p1a: Garchomp|Garchomp, M|34/100\n|-damage|p1a: Garchomp|27/100|[from] Stealth Rock\n|turn|21\n|\n|t:|1790882502\n|switch|p2a: Urshifu|Urshifu-Rapid-Strike, M|94/100\n|-damage|p2a: Urshifu|88/100|[from] Stealth Rock\n|move|p1a: Garchomp|Earthquake|p2a: Urshifu\n|-damage|p2a: Urshifu|44/100\n|\n|upkeep\n|turn|22\n|\n|t:|1790882508\n|switch|p1a: Tapu Fini|Tapu Fini|67/100\n|-damage|p1a: Tapu Fini|54/100|[from] Stealth Rock\n|move|p2a: Urshifu|Aqua Jet|p1a: Tapu Fini\n|-resisted|p1a: Tapu Fini\n|-damage|p1a: Tapu Fini|39/100\n|\n|-heal|p1a: Tapu Fini|46/100|[from] item: Leftovers\n|-fieldend|Misty Terrain\n|upkeep\n|turn|23\n|\n|t:|1790882515\n|switch|p2a: Heatran|Heatran, F|95/100\n|-damage|p2a: Heatran|83/100|[from] Stealth Rock\n|move|p1a: Tapu Fini|Scald|p2a: Heatran\n|-supereffective|p2a: Heatran\n|-damage|p2a: Heatran|48/100\n|\n|-heal|p1a: Tapu Fini|52/100|[from] item: Leftovers\n|-heal|p2a: Heatran|54/100|[from] item: Leftovers\n|upkeep\n|turn|24\n|\n|t:|1790882518\n|move|p1a: Tapu Fini|Scald|p2a: Heatran\n|-supereffective|p2a: Heatran\n|-damage|p2a: Heatran|19/100\n|move|p2a: Heatran|Magma Storm|p1a: Tapu Fini\n|-resisted|p1a: Tapu Fini\n|-damage|p1a: Tapu Fini|38/100\n|-activate|p1a: Tapu Fini|move: Magma Storm|[of] p2a: Heatran\n|\n|-heal|p1a: Tapu Fini|44/100|[from] item: Leftovers\n|-heal|p2a: Heatran|25/100|[from] item: Leftovers\n|-damage|p1a: Tapu Fini|32/100|[from] move: Magma Storm|[partiallytrapped]\n|upkeep\n|turn|25\n|\n|t:|1790882524\n|move|p1a: Tapu Fini|Scald|p2a: Heatran\n|-supereffective|p2a: Heatran\n|-damage|p2a: Heatran|0 fnt\n|faint|p2a: Heatran\n|\n|-heal|p1a: Tapu Fini|38/100|[from] item: Leftovers\n|-end|p1a: Tapu Fini|Magma Storm|[partiallytrapped]|[silent]\n|upkeep\n|\n|t:|1790882526\n|switch|p2a: Nidoking|Nidoking, M|71/100\n|-damage|p2a: Nidoking|65/100|[from] Stealth Rock\n|turn|26\n|\n|t:|1790882532\n|switch|p1a: Tapu Lele|Tapu Lele|100/100\n|-damage|p1a: Tapu Lele|88/100|[from] Stealth Rock\n|-fieldstart|move: Psychic Terrain|[from] ability: Psychic Surge|[of] p1a: Tapu Lele\n|move|p2a: Nidoking|Earth Power|p1a: Tapu Lele\n|-damage|p1a: Tapu Lele|26/100\n|\n|upkeep\n|turn|27\n|\n|t:|1790882540\n|move|p2a: Nidoking|Sludge Wave|p1a: Tapu Lele\n|-supereffective|p1a: Tapu Lele\n|-damage|p1a: Tapu Lele|0 fnt\n|faint|p1a: Tapu Lele\n|\n|upkeep\n|\n|t:|1790882543\n|switch|p1a: Garchomp|Garchomp, M|27/100\n|-damage|p1a: Garchomp|21/100|[from] Stealth Rock\n|turn|28\n|\n|t:|1790882549\n|move|p1a: Garchomp|Earthquake|p2a: Nidoking\n|-supereffective|p2a: Nidoking\n|-damage|p2a: Nidoking|0 fnt\n|faint|p2a: Nidoking\n|\n|upkeep\n|\n|t:|1790882551\n|switch|p2a: Urshifu|Urshifu-Rapid-Strike, M|44/100\n|-damage|p2a: Urshifu|38/100|[from] Stealth Rock\n|turn|29\n|\n|t:|1790882570\n|move|p1a: Garchomp|Earthquake|p2a: Urshifu\n|-damage|p2a: Urshifu|0 fnt\n|faint|p2a: Urshifu\n|\n|win|TDR\n|n|\u2606TDR|tdr\n|n|\u2606s0meone-r4ndom|s0meoner4ndom\n|n| BB-8-NU|bb8nu\n|n| Skittyrox|skittyrox\n|n| igiveuponaname|igiveuponaname\n", "uploadtime": 1790882570, "views": "2", "formatid": "gen8ou", "rating": null, "private": 0, "password": null}