{"id": "gen8ou-2692928245", "format": "[Gen 8] OU", "players": ["its a game chill", "Infernoss"], "log": "|j|\u2606its a game chill\n|j|\u2606Infernoss\n|t:|1791160152\n|gametype|singles\n|player|p1|its a game chill|266|1339\n|player|p2|Infernoss|pokemonrangerf-gen4|1463\n|gen|8\n|tier|[Gen 8] OU\n|rated|\n|rule|HP Percentage Mod: HP is shown in percentages\n|rule|Endless Battle Clause: Forcing endless battles is banned\n|rule|Sleep Clause Mod: Limit one foe put to sleep\n|rule|Species Clause: Limit one of each Pok\u00e9mon\n|rule|OHKO Clause: OHKO moves are banned\n|rule|Evasion Items Clause: Evasion items are banned\n|rule|Evasion Moves Clause: Evasion moves are banned\n|rule|Dynamax Clause: You cannot dynamax\n|clearpoke\n|poke|p1|Tyranitar, M|\n|poke|p1|Ninetales-Alola, M|\n|poke|p1|Zapdos|\n|poke|p1|Tapu Bulu|\n|poke|p1|Dracozolt|\n|poke|p1|Arctozolt|\n|poke|p2|Xatu, M|\n|poke|p2|Slowking-Galar, F|\n|poke|p2|Landorus-Therian, M|\n|poke|p2|Klefki, F|\n|poke|p2|Rotom-Wash|\n|poke|p2|Keldeo-Resolute|\n|teampreview\n|inactive|Battle timer is ON: inactive players will automatically lose when time's up. (requested by its a game chill)\n|\n|t:|1791160174\n|teamsize|p1|6\n|teamsize|p2|6\n|start\n|switch|p1a: Dr. Stone|Tyranitar, M|100/100\n|switch|p2a: Klefki|Klefki, F|100/100\n|-weather|Sandstorm|[from] ability: Sand Stream|[of] p1a: Dr. Stone\n|turn|1\n|\n|t:|1791160182\n|move|p2a: Klefki|Reflect|p2a: Klefki\n|-sidestart|p2: Infernoss|Reflect\n|move|p1a: Dr. Stone|Stealth Rock|p2a: Klefki\n|-sidestart|p2: Infernoss|move: Stealth Rock\n|\n|-weather|Sandstorm|[upkeep]\n|upkeep\n|turn|2\n|\n|t:|1791160210\n|switch|p1a: The Archbishop|Tapu Bulu|100/100\n|-fieldstart|move: Grassy Terrain|[from] ability: Grassy Surge|[of] p1a: The Archbishop\n|move|p2a: Klefki|Light Screen|p2a: Klefki\n|-sidestart|p2: Infernoss|move: Light Screen\n|\n|-weather|Sandstorm|[upkeep]\n|-damage|p1a: The Archbishop|94/100|[from] Sandstorm\n|-heal|p1a: The Archbishop|100/100|[from] Grassy Terrain\n|upkeep\n|turn|3\n|inactive|its a game chill has 120 seconds left.\n|\n|t:|1791160231\n|switch|p1a: Dr. Stone|Tyranitar, M|100/100\n|move|p2a: Klefki|Thunder Wave|p1a: Dr. Stone\n|-hint|Since gen 7, Dark is immune to Prankster moves.\n|-immune|p1a: Dr. Stone\n|\n|-weather|Sandstorm|[upkeep]\n|upkeep\n|turn|4\n|inactive|its a game chill has 120 seconds left.\n|\n|t:|1791160240\n|switch|p2a: Landorus|Landorus-Therian, M|100/100\n|-damage|p2a: Landorus|88/100|[from] Stealth Rock\n|-ability|p2a: Landorus|Intimidate|boost\n|-unboost|p1a: Dr. Stone|atk|1\n|switch|p1a: The Witch|Zapdos|100/100\n|\n|-weather|Sandstorm|[upkeep]\n|-damage|p1a: The Witch|94/100|[from] Sandstorm\n|-heal|p2a: Landorus|94/100|[from] item: Leftovers\n|upkeep\n|turn|5\n|\n|t:|1791160254\n|move|p2a: Landorus|Stealth Rock|p1a: The Witch\n|-sidestart|p1: its a game chill|move: Stealth Rock\n|move|p1a: The Witch|Defog|p2a: Landorus\n|-unboost|p2a: Landorus|evasion|1\n|-sideend|p2: Infernoss|Reflect\n|-sideend|p2: Infernoss|move: Light Screen\n|-sideend|p2: Infernoss|Stealth Rock|[from] move: Defog|[of] p1a: The Witch\n|-sideend|p1: its a game chill|Stealth Rock|[from] move: Defog|[of] p1a: The Witch\n|-fieldend|move: Grassy Terrain\n|\n|-weather|none\n|-heal|p2a: Landorus|99/100|[from] item: Leftovers\n|upkeep\n|turn|6\n|\n|t:|1791160265\n|switch|p1a: Lady Frost|Ninetales-Alola, M|100/100\n|-weather|Hail|[from] ability: Snow Warning|[of] p1a: Lady Frost\n|move|p2a: Landorus|Toxic|p1a: Lady Frost\n|-status|p1a: Lady Frost|tox\n|\n|-weather|Hail|[upkeep]\n|-damage|p2a: Landorus|94/100|[from] Hail\n|-heal|p2a: Landorus|99/100|[from] item: Leftovers\n|-damage|p1a: Lady Frost|95/100 tox|[from] psn\n|upkeep\n|turn|7\n|\n|t:|1791160280\n|switch|p1a: Mr. Frost|Arctozolt|100/100\n|move|p2a: Landorus|Stealth Rock|p1a: Mr. Frost\n|-sidestart|p1: its a game chill|move: Stealth Rock\n|\n|-weather|Hail|[upkeep]\n|-damage|p2a: Landorus|94/100|[from] Hail\n|-heal|p2a: Landorus|99/100|[from] item: Leftovers\n|upkeep\n|turn|8\n|\n|t:|1791160291\n|switch|p2a: Toxica|Slowking-Galar, F, shiny|100/100\n|move|p1a: Mr. Frost|Bolt Beak|p2a: Toxica\n|-damage|p2a: Toxica|13/100\n|\n|-weather|Hail|[upkeep]\n|-damage|p2a: Toxica|7/100|[from] Hail\n|upkeep\n|turn|9\n|\n|t:|1791160302\n|switch|p2a: Klefki|Klefki, F|100/100\n|move|p1a: Mr. Frost|Freeze-Dry|p2a: Klefki\n|-resisted|p2a: Klefki\n|-damage|p2a: Klefki|91/100\n|\n|-weather|Hail|[upkeep]\n|-damage|p2a: Klefki|85/100|[from] Hail\n|upkeep\n|turn|10\n|\n|t:|1791160320\n|switch|p1a: Lady Frost|Ninetales-Alola, M|95/100 tox\n|move|p2a: Klefki|Reflect|p2a: Klefki\n|-sidestart|p2: Infernoss|Reflect\n|\n|-weather|none\n|-damage|p1a: Lady Frost|89/100 tox|[from] psn\n|upkeep\n|turn|11\n|\n|t:|1791160328\n|switch|p1a: Dr. Stone|Tyranitar, M|100/100\n|-damage|p1a: Dr. Stone|88/100|[from] Stealth Rock\n|-weather|Sandstorm|[from] ability: Sand Stream|[of] p1a: Dr. Stone\n|move|p2a: Klefki|Light Screen|p2a: Klefki\n|-sidestart|p2: Infernoss|move: Light Screen\n|\n|-weather|Sandstorm|[upkeep]\n|-heal|p1a: Dr. Stone|94/100|[from] item: Leftovers\n|upkeep\n|turn|12\n|\n|t:|1791160342\n|switch|p2a: Piolin|Xatu, M|100/100\n|move|p1a: Dr. Stone|Ice Beam|p2a: Piolin\n|-supereffective|p2a: Piolin\n|-damage|p2a: Piolin|65/100\n|\n|-weather|Sandstorm|[upkeep]\n|-damage|p2a: Piolin|59/100|[from] Sandstorm\n|-heal|p1a: Dr. Stone|100/100|[from] item: Leftovers\n|upkeep\n|turn|13\n|\n|t:|1791160353\n|switch|p2a: Powny|Keldeo-Resolute|100/100\n|move|p1a: Dr. Stone|Rock Blast|p2a: Powny\n|-resisted|p2a: Powny\n|-damage|p2a: Powny|98/100\n|-resisted|p2a: Powny\n|-damage|p2a: Powny|95/100\n|-resisted|p2a: Powny\n|-damage|p2a: Powny|92/100\n|-hitcount|p2a: Powny|3\n|\n|-weather|Sandstorm|[upkeep]\n|-damage|p2a: Powny|85/100|[from] Sandstorm\n|-heal|p2a: Powny|92/100|[from] item: Leftovers\n|upkeep\n|turn|14\n|\n|t:|1791160368\n|switch|p1a: Sin.|Dracozolt|100/100\n|-damage|p1a: Sin.|88/100|[from] Stealth Rock\n|move|p2a: Powny|Secret Sword|p1a: Sin.\n|-damage|p1a: Sin.|33/100\n|\n|-weather|Sandstorm|[upkeep]\n|-damage|p2a: Powny|85/100|[from] Sandstorm\n|-heal|p2a: Powny|92/100|[from] item: Leftovers\n|upkeep\n|turn|15\n|\n|t:|1791160378\n|switch|p2a: Landorus|Landorus-Therian, M|99/100\n|-ability|p2a: Landorus|Intimidate|boost\n|-unboost|p1a: Sin.|atk|1\n|move|p1a: Sin.|Bolt Beak|p2a: Landorus\n|-immune|p2a: Landorus\n|\n|-weather|none\n|-heal|p2a: Landorus|100/100|[from] item: Leftovers\n|upkeep\n|turn|16\n|\n|t:|1791160387\n|switch|p2a: Powny|Keldeo-Resolute|92/100\n|switch|p1a: The Witch|Zapdos|94/100\n|\n|-heal|p2a: Powny|98/100|[from] item: Leftovers\n|upkeep\n|turn|17\n|\n|t:|1791160405\n|switch|p1a: Lady Frost|Ninetales-Alola, M|89/100 tox\n|-weather|Hail|[from] ability: Snow Warning|[of] p1a: Lady Frost\n|move|p2a: Powny|Calm Mind|p2a: Powny\n|-boost|p2a: Powny|spa|1\n|-boost|p2a: Powny|spd|1\n|\n|-weather|Hail|[upkeep]\n|-damage|p2a: Powny|92/100|[from] Hail\n|-heal|p2a: Powny|98/100|[from] item: Leftovers\n|-damage|p1a: Lady Frost|83/100 tox|[from] psn\n|-sideend|p2: Infernoss|Reflect\n|upkeep\n|turn|18\n|\n|t:|1791160421\n|move|p1a: Lady Frost|Aurora Veil|p1a: Lady Frost\n|-sidestart|p1: its a game chill|move: Aurora Veil\n|move|p2a: Powny|Secret Sword|p1a: Lady Frost\n|-damage|p1a: Lady Frost|28/100 tox\n|\n|-weather|Hail|[upkeep]\n|-damage|p2a: Powny|92/100|[from] Hail\n|-heal|p2a: Powny|98/100|[from] item: Leftovers\n|-damage|p1a: Lady Frost|16/100 tox|[from] psn\n|-sideend|p2: Infernoss|move: Light Screen\n|upkeep\n|turn|19\n|inactive|its a game chill has 120 seconds left.\n|\n|t:|1791160453\n|switch|p1a: The Archbishop|Tapu Bulu|100/100\n|-damage|p1a: The Archbishop|88/100|[from] Stealth Rock\n|-fieldstart|move: Grassy Terrain|[from] ability: Grassy Surge|[of] p1a: The Archbishop\n|move|p2a: Powny|Scald|p1a: The Archbishop\n|-resisted|p1a: The Archbishop\n|-damage|p1a: The Archbishop|72/100\n|\n|-weather|Hail|[upkeep]\n|-damage|p2a: Powny|92/100|[from] Hail\n|-damage|p1a: The Archbishop|66/100|[from] Hail\n|-heal|p2a: Powny|98/100|[from] Grassy Terrain\n|-heal|p2a: Powny|100/100|[from] item: Leftovers\n|-heal|p1a: The Archbishop|72/100|[from] Grassy Terrain\n|upkeep\n|turn|20\n|\n|t:|1791160468\n|switch|p2a: Landorus|Landorus-Therian, M|100/100\n|-ability|p2a: Landorus|Intimidate|boost\n|-unboost|p1a: The Archbishop|atk|1\n|switch|p1a: Mr. Frost|Arctozolt|100/100\n|\n|-weather|Hail|[upkeep]\n|-damage|p2a: Landorus|94/100|[from] Hail\n|-heal|p2a: Landorus|100/100|[from] item: Leftovers\n|upkeep\n|turn|21\n|\n|t:|1791160481\n|switch|p2a: Klefki|Klefki, F|85/100\n|move|p1a: Mr. Frost|Icicle Crash|p2a: Klefki\n|-resisted|p2a: Klefki\n|-damage|p2a: Klefki|64/100\n|\n|-weather|none\n|-heal|p2a: Klefki|70/100|[from] Grassy Terrain\n|upkeep\n|turn|22\n|inactive|its a game chill has 120 seconds left.\n|\n|t:|1791160493\n|switch|p1a: The Witch|Zapdos|94/100\n|move|p2a: Klefki|Reflect|p2a: Klefki\n|-sidestart|p2: Infernoss|Reflect\n|\n|-heal|p2a: Klefki|76/100|[from] Grassy Terrain\n|-sideend|p1: its a game chill|move: Aurora Veil\n|upkeep\n|turn|23\n|inactive|its a game chill has 120 seconds left.\n|\n|t:|1791160509\n|switch|p2a: Toxica|Slowking-Galar, F, shiny|40/100\n|move|p1a: The Witch|Defog|p2a: Toxica\n|-unboost|p2a: Toxica|evasion|1\n|-sideend|p2: Infernoss|Reflect\n|-sideend|p1: its a game chill|Stealth Rock|[from] move: Defog|[of] p1a: The Witch\n|-fieldend|move: Grassy Terrain\n|\n|upkeep\n|turn|24\n|inactive|its a game chill has 120 seconds left.\n|\n|t:|1791160522\n|switch|p1a: Dr. Stone|Tyranitar, M|100/100\n|-weather|Sandstorm|[from] ability: Sand Stream|[of] p1a: Dr. Stone\n|move|p2a: Toxica|Sludge Bomb|p1a: Dr. Stone\n|-resisted|p1a: Dr. Stone\n|-damage|p1a: Dr. Stone|91/100\n|\n|-weather|Sandstorm|[upkeep]\n|-damage|p2a: Toxica|34/100|[from] Sandstorm\n|-heal|p1a: Dr. Stone|97/100|[from] item: Leftovers\n|upkeep\n|turn|25\n|inactive|its a game chill has 120 seconds left.\n|\n|t:|1791160540\n|switch|p2a: Klefki|Klefki, F|76/100\n|move|p1a: Dr. Stone|Ice Beam|p2a: Klefki\n|-resisted|p2a: Klefki\n|-damage|p2a: Klefki|64/100\n|\n|-weather|Sandstorm|[upkeep]\n|-heal|p1a: Dr. Stone|100/100|[from] item: Leftovers\n|upkeep\n|turn|26\n|\n|t:|1791160548\n|switch|p2a: Piolin|Xatu, M|59/100\n|move|p1a: Dr. Stone|Fire Blast|p2a: Piolin\n|-damage|p2a: Piolin|12/100\n|\n|-weather|Sandstorm|[upkeep]\n|-damage|p2a: Piolin|6/100|[from] Sandstorm\n|upkeep\n|turn|27\n|\n|t:|1791160560\n|move|p2a: Piolin|Roost|p2a: Piolin\n|-heal|p2a: Piolin|56/100\n|-singleturn|p2a: Piolin|move: Roost\n|move|p1a: Dr. Stone|Stealth Rock|p2a: Piolin\n|move|p2a: Piolin|Stealth Rock|p1a: Dr. Stone|[from] ability: Magic Bounce\n|-sidestart|p1: its a game chill|move: Stealth Rock\n|\n|-weather|Sandstorm|[upkeep]\n|-damage|p2a: Piolin|50/100|[from] Sandstorm\n|upkeep\n|turn|28\n|\n|t:|1791160569\n|move|p2a: Piolin|Roost|p2a: Piolin\n|-heal|p2a: Piolin|100/100\n|-singleturn|p2a: Piolin|move: Roost\n|move|p1a: Dr. Stone|Stealth Rock|p2a: Piolin\n|move|p2a: Piolin|Stealth Rock||[from] ability: Magic Bounce|[still]\n|-fail|p2a: Piolin\n|\n|-weather|none\n|upkeep\n|turn|29\n|\n|t:|1791160579\n|switch|p2a: Powny|Keldeo-Resolute|100/100\n|move|p1a: Dr. Stone|Fire Blast|p2a: Powny\n|-resisted|p2a: Powny\n|-damage|p2a: Powny|81/100\n|\n|-heal|p2a: Powny|87/100|[from] item: Leftovers\n|upkeep\n|turn|30\n|\n|t:|1791160587\n|switch|p1a: The Archbishop|Tapu Bulu|72/100\n|-damage|p1a: The Archbishop|60/100|[from] Stealth Rock\n|-fieldstart|move: Grassy Terrain|[from] ability: Grassy Surge|[of] p1a: The Archbishop\n|move|p2a: Powny|Calm Mind|p2a: Powny\n|-boost|p2a: Powny|spa|1\n|-boost|p2a: Powny|spd|1\n|\n|-heal|p2a: Powny|94/100|[from] Grassy Terrain\n|-heal|p2a: Powny|99/100|[from] item: Leftovers\n|-heal|p1a: The Archbishop|66/100|[from] Grassy Terrain\n|upkeep\n|turn|31\n|\n|t:|1791160598\n|move|p2a: Powny|Substitute|p2a: Powny\n|-start|p2a: Powny|Substitute\n|-damage|p2a: Powny|75/100\n|move|p1a: The Archbishop|Whirlwind|p2a: Powny\n|drag|p2a: Toxica|Slowking-Galar, F, shiny|67/100\n|\n|-heal|p1a: The Archbishop|72/100|[from] Grassy Terrain\n|-heal|p2a: Toxica|73/100|[from] Grassy Terrain\n|upkeep\n|turn|32\n|\n|t:|1791160607\n|switch|p1a: Dr. Stone|Tyranitar, M|100/100\n|-damage|p1a: Dr. Stone|88/100|[from] Stealth Rock\n|-weather|Sandstorm|[from] ability: Sand Stream|[of] p1a: Dr. Stone\n|move|p2a: Toxica|Nasty Plot|p2a: Toxica\n|-boost|p2a: Toxica|spa|2\n|\n|-weather|Sandstorm|[upkeep]\n|-damage|p2a: Toxica|67/100|[from] Sandstorm\n|-heal|p1a: Dr. Stone|94/100|[from] Grassy Terrain\n|-heal|p1a: Dr. Stone|100/100|[from] item: Leftovers\n|-heal|p2a: Toxica|73/100|[from] Grassy Terrain\n|upkeep\n|turn|33\n|inactive|its a game chill has 120 seconds left.\n|\n|t:|1791160646\n|switch|p1a: Sin.|Dracozolt|33/100\n|-damage|p1a: Sin.|20/100|[from] Stealth Rock\n|move|p2a: Toxica|Scald|p1a: Sin.\n|-resisted|p1a: Sin.\n|-damage|p1a: Sin.|0 fnt\n|faint|p1a: Sin.\n|\n|-weather|Sandstorm|[upkeep]\n|-damage|p2a: Toxica|67/100|[from] Sandstorm\n|-heal|p2a: Toxica|73/100|[from] Grassy Terrain\n|upkeep\n|\n|t:|1791160655\n|switch|p1a: Lady Frost|Ninetales-Alola, M|16/100 tox\n|-weather|Hail|[from] ability: Snow Warning|[of] p1a: Lady Frost\n|turn|34\n|inactive|its a game chill has 120 seconds left.\n|\n|t:|1791160661\n|switch|p1a: Mr. Frost|Arctozolt|100/100\n|move|p2a: Toxica|Sludge Bomb|p1a: Mr. Frost\n|-damage|p1a: Mr. Frost|0 fnt\n|faint|p1a: Mr. Frost\n|\n|-weather|Hail|[upkeep]\n|-damage|p2a: Toxica|67/100|[from] Hail\n|-heal|p2a: Toxica|73/100|[from] Grassy Terrain\n|-fieldend|move: Grassy Terrain\n|upkeep\n|-message|its a game chill forfeited.\n|inactive|its a game chill has 120 seconds left.\n|\n|win|Infernoss\n|raw|its a game chill's rating: 1339 &rarr; <strong>1326</strong><br />(-13 for losing)\n|raw|Infernoss's rating: 1463 &rarr; <strong>1476</strong><br />(+13 for winning)\n|l|\u2606its a game chill\n|player|p1|\n|c|\u2606Infernoss|ups\n", "uploadtime": 1791160672, "views": "2", "formatid": "gen8ou", "rating": 1326, "private": 0, "password": null}