{"id": "gen8ou-2695145350", "format": "[Gen 8] OU", "players": ["Amnesia_875", "Kameloha8876"], "log": "|j|\u2606Amnesia_875\n|j|\u2606Kameloha8876\n|t:|1791486186\n|gametype|singles\n|player|p1|Amnesia_875|red|1000\n|player|p2|Kameloha8876|lady-gen4|1064\n|gen|8\n|tier|[Gen 8] OU\n|rated|\n|rule|HP Percentage Mod: HP is shown in percentages\n|rule|Endless Battle Clause: Forcing endless battles is banned\n|rule|Sleep Clause Mod: Limit one foe put to sleep\n|rule|Species Clause: Limit one of each Pok\u00e9mon\n|rule|OHKO Clause: OHKO moves are banned\n|rule|Evasion Items Clause: Evasion items are banned\n|rule|Evasion Moves Clause: Evasion moves are banned\n|rule|Dynamax Clause: You cannot dynamax\n|clearpoke\n|poke|p1|Pelipper, M|\n|poke|p1|Barraskewda, M|\n|poke|p1|Seismitoad, M|\n|poke|p1|Zapdos|\n|poke|p1|Ferrothorn, M|\n|poke|p1|Urshifu-*, M|\n|poke|p2|Zeraora|\n|poke|p2|Regidrago|\n|poke|p2|Togekiss, F|\n|poke|p2|Aegislash, F|\n|poke|p2|Barraskewda, M|\n|poke|p2|Ferrothorn, F|\n|teampreview\n|inactive|Battle timer is ON: inactive players will automatically lose when time's up. (requested by Amnesia_875)\n|\n|t:|1791486197\n|teamsize|p1|6\n|teamsize|p2|6\n|start\n|switch|p1a: Pelipper|Pelipper, M|100/100\n|switch|p2a: Ferrothorn|Ferrothorn, F|100/100\n|-weather|RainDance|[from] ability: Drizzle|[of] p1a: Pelipper\n|turn|1\n|\n|t:|1791486202\n|move|p1a: Pelipper|Defog|p2a: Ferrothorn\n|-unboost|p2a: Ferrothorn|evasion|1\n|move|p2a: Ferrothorn|Knock Off|p1a: Pelipper\n|-damage|p1a: Pelipper|85/100\n|-enditem|p1a: Pelipper|Damp Rock|[from] move: Knock Off|[of] p2a: Ferrothorn\n|\n|-weather|RainDance|[upkeep]\n|upkeep\n|turn|2\n|\n|t:|1791486211\n|move|p1a: Pelipper|Defog|p2a: Ferrothorn\n|-unboost|p2a: Ferrothorn|evasion|1\n|move|p2a: Ferrothorn|Stealth Rock|p1a: Pelipper\n|-sidestart|p1: Amnesia_875|move: Stealth Rock\n|\n|-weather|RainDance|[upkeep]\n|upkeep\n|turn|3\n|\n|t:|1791486219\n|move|p1a: Pelipper|Defog|p2a: Ferrothorn\n|-unboost|p2a: Ferrothorn|evasion|1\n|-sideend|p1: Amnesia_875|Stealth Rock|[from] move: Defog|[of] p1a: Pelipper\n|move|p2a: Ferrothorn|Gyro Ball|p1a: Pelipper\n|-resisted|p1a: Pelipper\n|-damage|p1a: Pelipper|75/100\n|\n|-weather|RainDance|[upkeep]\n|upkeep\n|turn|4\n|\n|t:|1791486226\n|move|p1a: Pelipper|Defog|p2a: Ferrothorn\n|-unboost|p2a: Ferrothorn|evasion|1\n|move|p2a: Ferrothorn|Knock Off|p1a: Pelipper\n|-damage|p1a: Pelipper|64/100\n|\n|-weather|RainDance|[upkeep]\n|upkeep\n|turn|5\n|\n|t:|1791486234\n|move|p1a: Pelipper|Defog|p2a: Ferrothorn\n|-unboost|p2a: Ferrothorn|evasion|1\n|move|p2a: Ferrothorn|Knock Off|p1a: Pelipper\n|-damage|p1a: Pelipper|52/100\n|\n|-weather|RainDance|[upkeep]\n|upkeep\n|turn|6\n|\n|t:|1791486237\n|move|p1a: Pelipper|Defog|p2a: Ferrothorn\n|-unboost|p2a: Ferrothorn|evasion|1\n|move|p2a: Ferrothorn|Knock Off|p1a: Pelipper\n|-crit|p1a: Pelipper\n|-damage|p1a: Pelipper|37/100\n|\n|-weather|RainDance|[upkeep]\n|upkeep\n|turn|7\n|\n|t:|1791486255\n|move|p1a: Pelipper|Defog||[still]\n|-unboost|p2a: Ferrothorn|evasion|0\n|-fail|p1a: Pelipper\n|move|p2a: Ferrothorn|Knock Off|p1a: Pelipper\n|-damage|p1a: Pelipper|25/100\n|\n|-weather|RainDance|[upkeep]\n|upkeep\n|turn|8\n|\n|t:|1791486260\n|move|p1a: Pelipper|Defog||[still]\n|-unboost|p2a: Ferrothorn|evasion|0\n|-fail|p1a: Pelipper\n|move|p2a: Ferrothorn|Knock Off|p1a: Pelipper\n|-damage|p1a: Pelipper|14/100\n|\n|-weather|none\n|upkeep\n|turn|9\n|\n|t:|1791486263\n|move|p1a: Pelipper|Defog||[still]\n|-unboost|p2a: Ferrothorn|evasion|0\n|-fail|p1a: Pelipper\n|move|p2a: Ferrothorn|Knock Off|p1a: Pelipper\n|-damage|p1a: Pelipper|4/100\n|\n|upkeep\n|turn|10\n|\n|t:|1791486268\n|move|p1a: Pelipper|Defog||[still]\n|-unboost|p2a: Ferrothorn|evasion|0\n|-fail|p1a: Pelipper\n|move|p2a: Ferrothorn|Knock Off|p1a: Pelipper\n|-damage|p1a: Pelipper|0 fnt\n|faint|p1a: Pelipper\n|\n|upkeep\n|\n|t:|1791486268\n|switch|p1a: Zapdos|Zapdos|100/100\n|turn|11\n|\n|t:|1791486271\n|move|p1a: Zapdos|Roost||[still]\n|-fail|p1a: Zapdos|heal\n|move|p2a: Ferrothorn|Stealth Rock|p1a: Zapdos\n|-sidestart|p1: Amnesia_875|move: Stealth Rock\n|\n|upkeep\n|turn|12\n|\n|t:|1791486276\n|move|p1a: Zapdos|Roost||[still]\n|-fail|p1a: Zapdos|heal\n|move|p2a: Ferrothorn|Leech Seed|p1a: Zapdos\n|-start|p1a: Zapdos|move: Leech Seed\n|\n|-damage|p1a: Zapdos|88/100|[from] Leech Seed|[of] p2a: Ferrothorn\n|upkeep\n|turn|13\n|\n|t:|1791486287\n|move|p1a: Zapdos|Roost|p1a: Zapdos\n|-heal|p1a: Zapdos|100/100\n|-singleturn|p1a: Zapdos|move: Roost\n|move|p2a: Ferrothorn|Knock Off|p1a: Zapdos\n|-damage|p1a: Zapdos|76/100\n|-enditem|p1a: Zapdos|Heavy-Duty Boots|[from] move: Knock Off|[of] p2a: Ferrothorn\n|\n|-damage|p1a: Zapdos|63/100|[from] Leech Seed|[of] p2a: Ferrothorn\n|upkeep\n|turn|14\n|\n|t:|1791486299\n|move|p1a: Zapdos|Roost|p1a: Zapdos\n|-heal|p1a: Zapdos|100/100\n|-singleturn|p1a: Zapdos|move: Roost\n|move|p2a: Ferrothorn|Knock Off|p1a: Zapdos\n|-damage|p1a: Zapdos|82/100\n|\n|-damage|p1a: Zapdos|69/100|[from] Leech Seed|[of] p2a: Ferrothorn\n|upkeep\n|turn|15\n|\n|t:|1791486305\n|switch|p2a: Zeraora|Zeraora|100/100\n|move|p1a: Zapdos|Roost|p1a: Zapdos\n|-heal|p1a: Zapdos|100/100\n|-singleturn|p1a: Zapdos|move: Roost\n|\n|-damage|p1a: Zapdos|88/100|[from] Leech Seed|[of] p2a: Zeraora\n|upkeep\n|turn|16\n|\n|t:|1791486307\n|move|p2a: Zeraora|Fake Out|p1a: Zapdos\n|-damage|p1a: Zapdos|71/100\n|cant|p1a: Zapdos|flinch\n|\n|-damage|p1a: Zapdos|59/100|[from] Leech Seed|[of] p2a: Zeraora\n|upkeep\n|turn|17\n|\n|t:|1791486322\n|move|p2a: Zeraora|Plasma Fists|p1a: Zapdos\n|-damage|p1a: Zapdos|1/100\n|-fieldactivate|move: Ion Deluge\n|-hint|Normal-type moves become Electric-type after using Plasma Fists.\n|move|p1a: Zapdos|Roost|p1a: Zapdos\n|-heal|p1a: Zapdos|52/100\n|-singleturn|p1a: Zapdos|move: Roost\n|\n|-damage|p1a: Zapdos|39/100|[from] Leech Seed|[of] p2a: Zeraora\n|upkeep\n|turn|18\n|\n|t:|1791486329\n|move|p2a: Zeraora|Plasma Fists|p1a: Zapdos\n|-damage|p1a: Zapdos|0 fnt\n|-fieldactivate|move: Ion Deluge\n|-hint|Normal-type moves become Electric-type after using Plasma Fists.\n|faint|p1a: Zapdos\n|\n|upkeep\n|\n|t:|1791486329\n|switch|p1a: Seismitoad|Seismitoad, M|100/100\n|-damage|p1a: Seismitoad|95/100|[from] Stealth Rock\n|turn|19\n|\n|t:|1791486338\n|move|p2a: Zeraora|Close Combat|p1a: Seismitoad\n|-damage|p1a: Seismitoad|49/100\n|-unboost|p2a: Zeraora|def|1\n|-unboost|p2a: Zeraora|spd|1\n|move|p1a: Seismitoad|Earth Power|p2a: Zeraora\n|-supereffective|p2a: Zeraora\n|-damage|p2a: Zeraora|0 fnt\n|faint|p2a: Zeraora\n|-damage|p1a: Seismitoad|39/100|[from] item: Life Orb\n|\n|upkeep\n|\n|t:|1791486344\n|switch|p2a: Togekiss|Togekiss, F|100/100\n|turn|20\n|\n|t:|1791486346\n|move|p2a: Togekiss|Air Slash|p1a: Seismitoad\n|-damage|p1a: Seismitoad|0 fnt\n|faint|p1a: Seismitoad\n|\n|upkeep\n|\n|t:|1791486347\n|switch|p1a: Barraskewda|Barraskewda, M|100/100\n|-damage|p1a: Barraskewda|88/100|[from] Stealth Rock\n|turn|21\n|\n|t:|1791486351\n|move|p1a: Barraskewda|Liquidation|p2a: Togekiss\n|-damage|p2a: Togekiss|21/100\n|move|p2a: Togekiss|Dazzling Gleam|p1a: Barraskewda\n|-damage|p1a: Barraskewda|0 fnt\n|faint|p1a: Barraskewda\n|\n|upkeep\n|\n|t:|1791486351\n|switch|p1a: Ferrothorn|Ferrothorn, M|100/100\n|-damage|p1a: Ferrothorn|94/100|[from] Stealth Rock\n|turn|22\n|\n|t:|1791486356\n|move|p2a: Togekiss|Flamethrower|p1a: Ferrothorn\n|-supereffective|p1a: Ferrothorn\n|-damage|p1a: Ferrothorn|0 fnt\n|faint|p1a: Ferrothorn\n|\n|upkeep\n|\n|t:|1791486356\n|switch|p1a: Urshifu|Urshifu-Rapid-Strike, M|100/100\n|-damage|p1a: Urshifu|94/100|[from] Stealth Rock\n|turn|23\n|\n|t:|1791486360\n|move|p1a: Urshifu|Aqua Jet|p2a: Togekiss\n|-damage|p2a: Togekiss|0 fnt\n|faint|p2a: Togekiss\n|\n|upkeep\n|\n|t:|1791486366\n|switch|p2a: Ferrothorn|Ferrothorn, F|100/100\n|turn|24\n|\n|t:|1791486368\n|move|p1a: Urshifu|Aqua Jet|p2a: Ferrothorn\n|-resisted|p2a: Ferrothorn\n|-damage|p2a: Ferrothorn|91/100\n|-damage|p1a: Urshifu|82/100|[from] ability: Iron Barbs|[of] p2a: Ferrothorn\n|-damage|p1a: Urshifu|66/100|[from] item: Rocky Helmet|[of] p2a: Ferrothorn\n|move|p2a: Ferrothorn|Gyro Ball|p1a: Urshifu\n|-resisted|p1a: Urshifu\n|-damage|p1a: Urshifu|40/100\n|\n|upkeep\n|turn|25\n|\n|t:|1791486372\n|move|p1a: Urshifu|Aqua Jet|p2a: Ferrothorn\n|-resisted|p2a: Ferrothorn\n|-damage|p2a: Ferrothorn|82/100\n|-damage|p1a: Urshifu|28/100|[from] ability: Iron Barbs|[of] p2a: Ferrothorn\n|-damage|p1a: Urshifu|11/100|[from] item: Rocky Helmet|[of] p2a: Ferrothorn\n|move|p2a: Ferrothorn|Knock Off|p1a: Urshifu\n|-resisted|p1a: Urshifu\n|-damage|p1a: Urshifu|1/100\n|-enditem|p1a: Urshifu|Choice Band|[from] move: Knock Off|[of] p2a: Ferrothorn\n|\n|upkeep\n|turn|26\n|\n|t:|1791486383\n|move|p1a: Urshifu|Close Combat|p2a: Ferrothorn\n|-supereffective|p2a: Ferrothorn\n|-damage|p2a: Ferrothorn|6/100\n|-unboost|p1a: Urshifu|def|1\n|-unboost|p1a: Urshifu|spd|1\n|-damage|p1a: Urshifu|0 fnt|[from] ability: Iron Barbs|[of] p2a: Ferrothorn\n|faint|p1a: Urshifu\n|\n|win|Kameloha8876\n|raw|Amnesia_875's rating: 1000 &rarr; <strong>1000</strong><br />(+0 for losing)\n|raw|Kameloha8876's rating: 1064 &rarr; <strong>1089</strong><br />(+25 for winning)\n", "uploadtime": 1791486187, "views": "1", "formatid": "gen8ou", "rating": 1000, "private": 0, "password": null}