{"id": "gen8ou-2691192031", "format": "[Gen 8] OU", "players": ["keller*_*kia", "fufu0606"], "log": "|j|\u2606keller*_*kia\n|j|\u2606fufu0606\n|t:|1790880382\n|gametype|singles\n|player|p1|keller*_*kia|lucas|\n|player|p2|fufu0606|102|\n|gen|8\n|tier|[Gen 8] OU\n|rule|HP Percentage Mod: HP is shown in percentages\n|rule|Endless Battle Clause: Forcing endless battles is banned\n|rule|Sleep Clause Mod: Limit one foe put to sleep\n|rule|Species Clause: Limit one of each Pok\u00e9mon\n|rule|OHKO Clause: OHKO moves are banned\n|rule|Evasion Items Clause: Evasion items are banned\n|rule|Evasion Moves Clause: Evasion moves are banned\n|rule|Dynamax Clause: You cannot dynamax\n|clearpoke\n|poke|p1|Dragapult, M|\n|poke|p1|Volcarona, F|\n|poke|p1|Rillaboom, F|\n|poke|p1|Zeraora|\n|poke|p1|Garchomp, F|\n|poke|p1|Heatran, M|\n|poke|p2|Tornadus-Therian, M|\n|poke|p2|Ferrothorn, M|\n|poke|p2|Tyranitar, M|\n|poke|p2|Excadrill, M|\n|poke|p2|Tapu Lele|\n|poke|p2|Slowbro, M|\n|teampreview\n|inactive|Battle timer is ON: inactive players will automatically lose when time's up. (requested by keller*_*kia)\n|\n|t:|1790880403\n|teamsize|p1|6\n|teamsize|p2|6\n|start\n|switch|p1a: Heatran|Heatran, M|100/100\n|switch|p2a: Tyranitar|Tyranitar, M|100/100\n|-item|p1a: Heatran|Air Balloon\n|-weather|Sandstorm|[from] ability: Sand Stream|[of] p2a: Tyranitar\n|turn|1\n|\n|t:|1790880426\n|move|p1a: Heatran|Stealth Rock|p2a: Tyranitar\n|-sidestart|p2: fufu0606|move: Stealth Rock\n|move|p2a: Tyranitar|Superpower|p1a: Heatran\n|-supereffective|p1a: Heatran\n|-damage|p1a: Heatran|0 fnt\n|-unboost|p2a: Tyranitar|atk|1\n|-unboost|p2a: Tyranitar|def|1\n|-enditem|p1a: Heatran|Air Balloon\n|faint|p1a: Heatran\n|\n|-weather|Sandstorm|[upkeep]\n|upkeep\n|inactive|keller*_*kia has 270 seconds left.\n|\n|t:|1790880464\n|switch|p1a: Garchomp|Garchomp, F|100/100\n|turn|2\n|\n|t:|1790880475\n|switch|p2a: Ferrothorn|Ferrothorn, M|100/100\n|-damage|p2a: Ferrothorn|95/100|[from] Stealth Rock\n|move|p1a: Garchomp|Swords Dance|p1a: Garchomp\n|-boost|p1a: Garchomp|atk|2\n|\n|-weather|Sandstorm|[upkeep]\n|upkeep\n|turn|3\n|\n|t:|1790880486\n|move|p1a: Garchomp|Earthquake|p2a: Ferrothorn\n|-damage|p2a: Ferrothorn|35/100\n|move|p2a: Ferrothorn|Leech Seed|p1a: Garchomp\n|-start|p1a: Garchomp|move: Leech Seed\n|\n|-weather|Sandstorm|[upkeep]\n|-damage|p1a: Garchomp|88/100|[from] Leech Seed|[of] p2a: Ferrothorn\n|-heal|p2a: Ferrothorn|48/100|[silent]\n|upkeep\n|turn|4\n|\n|t:|1790880499\n|switch|p2a: Tornadus|Tornadus-Therian, M|100/100\n|move|p1a: Garchomp|Scale Shot|p2a: Tornadus\n|-damage|p2a: Tornadus|66/100\n|-crit|p2a: Tornadus\n|-damage|p2a: Tornadus|15/100\n|-damage|p2a: Tornadus|0 fnt\n|faint|p2a: Tornadus\n|-hitcount|p2: Tornadus|3\n|-unboost|p1a: Garchomp|def|1\n|-boost|p1a: Garchomp|spe|1\n|\n|-weather|Sandstorm|[upkeep]\n|-heal|p1a: Garchomp|94/100|[from] item: Leftovers\n|upkeep\n|inactive|fufu0606 has 270 seconds left.\n|inactive|fufu0606 has 240 seconds left.\n|l|\u2606fufu0606\n|inactive|fufu0606 disconnected and has 300 seconds to reconnect!\n|player|p2|\n|j|\u2606fufu0606\n|inactive|fufu0606 reconnected and has 240 seconds left.\n|player|p2|fufu0606|102|\n|\n|t:|1790880566\n|switch|p2a: Excadrill|Excadrill, M, shiny|100/100\n|-damage|p2a: Excadrill|97/100|[from] Stealth Rock\n|turn|5\n|inactive|fufu0606 has 240 seconds left.\n|\n|t:|1790880571\n|move|p2a: Excadrill|Earthquake|p1a: Garchomp\n|-damage|p1a: Garchomp|13/100\n|move|p1a: Garchomp|Earthquake|p2a: Excadrill\n|-supereffective|p2a: Excadrill\n|-damage|p2a: Excadrill|0 fnt\n|faint|p2a: Excadrill\n|\n|-weather|none\n|-heal|p1a: Garchomp|20/100|[from] item: Leftovers\n|upkeep\n|inactive|fufu0606 has 240 seconds left.\n|\n|t:|1790880584\n|switch|p2a: Slowbro|Slowbro, M|100/100\n|-damage|p2a: Slowbro|88/100|[from] Stealth Rock\n|turn|6\n|inactive|fufu0606 has 240 seconds left.\n|\n|t:|1790880590\n|move|p1a: Garchomp|Scale Shot|p2a: Slowbro\n|-damage|p2a: Slowbro|72/100\n|-damage|p2a: Slowbro|56/100\n|-hitcount|p2a: Slowbro|2\n|-enditem|p2a: Slowbro|Eject Button\n|-unboost|p1a: Garchomp|def|1\n|-boost|p1a: Garchomp|spe|1\n|inactive|fufu0606 has 240 seconds left.\n|\n|t:|1790880602\n|switch|p2a: Tapu Lele|Tapu Lele|100/100\n|-damage|p2a: Tapu Lele|88/100|[from] Stealth Rock\n|-fieldstart|move: Psychic Terrain|[from] ability: Psychic Surge|[of] p2a: Tapu Lele\n|\n|-heal|p1a: Garchomp|26/100|[from] item: Leftovers\n|-damage|p1a: Garchomp|13/100|[from] Leech Seed|[of] p2a: Tapu Lele\n|-heal|p2a: Tapu Lele|100/100|[silent]\n|upkeep\n|turn|7\n|inactive|fufu0606 has 240 seconds left.\n|\n|t:|1790880611\n|move|p1a: Garchomp|Earthquake|p2a: Tapu Lele\n|-damage|p2a: Tapu Lele|0 fnt\n|faint|p2a: Tapu Lele\n|\n|-heal|p1a: Garchomp|20/100|[from] item: Leftovers\n|upkeep\n|inactive|fufu0606 has 240 seconds left.\n|\n|t:|1790880617\n|switch|p2a: Slowbro|Slowbro, M|89/100\n|-damage|p2a: Slowbro|77/100|[from] Stealth Rock\n|turn|8\n|\n|t:|1790880620\n|move|p1a: Garchomp|Earthquake|p2a: Slowbro\n|-damage|p2a: Slowbro|12/100\n|move|p2a: Slowbro|Toxic|p1a: Garchomp\n|-status|p1a: Garchomp|tox\n|\n|-heal|p1a: Garchomp|26/100 tox|[from] item: Leftovers\n|-damage|p1a: Garchomp|13/100 tox|[from] Leech Seed|[of] p2a: Slowbro\n|-heal|p2a: Slowbro|23/100|[silent]\n|-damage|p1a: Garchomp|7/100 tox|[from] psn\n|upkeep\n|turn|9\n|\n|t:|1790880633\n|move|p1a: Garchomp|Earthquake|p2a: Slowbro\n|-damage|p2a: Slowbro|0 fnt\n|faint|p2a: Slowbro\n|\n|-heal|p1a: Garchomp|13/100 tox|[from] item: Leftovers\n|-damage|p1a: Garchomp|1/100 tox|[from] psn\n|upkeep\n|-message|fufu0606 forfeited.\n|\n|win|keller*_*kia\n|l|\u2606fufu0606\n|player|p2|\n", "uploadtime": 1790880645, "views": "19", "formatid": "gen8ou", "rating": null, "private": 0, "password": null}