{"id": "gen8ou-2688839868", "format": "[Gen 8] OU", "players": ["sixsevenabacatudo", "B0by 774"], "log": "|j|\u2606sixsevenabacatudo\n|j|\u2606B0by 774\n|t:|1790540904\n|gametype|singles\n|player|p1|sixsevenabacatudo|ghetsis|\n|player|p2|B0by 774|brycenman|\n|gen|8\n|tier|[Gen 8] OU\n|rule|HP Percentage Mod: HP is shown in percentages\n|rule|Endless Battle Clause: Forcing endless battles is banned\n|rule|Sleep Clause Mod: Limit one foe put to sleep\n|rule|Species Clause: Limit one of each Pok\u00e9mon\n|rule|OHKO Clause: OHKO moves are banned\n|rule|Evasion Items Clause: Evasion items are banned\n|rule|Evasion Moves Clause: Evasion moves are banned\n|rule|Dynamax Clause: You cannot dynamax\n|clearpoke\n|poke|p1|Heatran, F|\n|poke|p1|Rillaboom, F|\n|poke|p1|Garchomp, F|\n|poke|p1|Dragapult, M|\n|poke|p1|Weavile, M|\n|poke|p1|Blaziken, F|\n|poke|p2|Pelipper, F|\n|poke|p2|Zapdos|\n|poke|p2|Urshifu-*, M|\n|poke|p2|Ferrothorn, M|\n|poke|p2|Dragonite, F|\n|poke|p2|Excadrill, F|\n|teampreview\n|inactive|Battle timer is ON: inactive players will automatically lose when time's up. (requested by B0by 774)\n|c|\u2606B0by 774|hf\n|inactive|sixsevenabacatudo also wants the timer to be on.\n|c|\u2606sixsevenabacatudo|u2\n|\n|t:|1790540934\n|teamsize|p1|6\n|teamsize|p2|6\n|start\n|switch|p1a: Garchomp|Garchomp, F|100/100\n|switch|p2a: Urshifu|Urshifu-Rapid-Strike, M|100/100\n|turn|1\n|\n|t:|1790540945\n|switch|p1a: Rillaboom|Rillaboom, F|100/100\n|-fieldstart|move: Grassy Terrain|[from] ability: Grassy Surge|[of] p1a: Rillaboom\n|move|p2a: Urshifu|Surging Strikes|p1a: Rillaboom\n|-resisted|p1a: Rillaboom\n|-crit|p1a: Rillaboom\n|-damage|p1a: Rillaboom|86/100\n|-resisted|p1a: Rillaboom\n|-crit|p1a: Rillaboom\n|-damage|p1a: Rillaboom|69/100\n|-resisted|p1a: Rillaboom\n|-crit|p1a: Rillaboom\n|-damage|p1a: Rillaboom|54/100\n|-hitcount|p1a: Rillaboom|3\n|\n|-heal|p1a: Rillaboom|60/100|[from] Grassy Terrain\n|upkeep\n|turn|2\n|\n|t:|1790540956\n|switch|p2a: Zapdos|Zapdos|100/100\n|move|p1a: Rillaboom|Knock Off|p2a: Zapdos\n|-damage|p2a: Zapdos|54/100\n|-enditem|p2a: Zapdos|Heavy-Duty Boots|[from] move: Knock Off|[of] p1a: Rillaboom\n|-damage|p1a: Rillaboom|50/100|[from] item: Life Orb\n|\n|-heal|p1a: Rillaboom|56/100|[from] Grassy Terrain\n|upkeep\n|turn|3\n|\n|t:|1790540964\n|switch|p1a: Garchomp|Garchomp, F|100/100\n|move|p2a: Zapdos|Roost|p2a: Zapdos\n|-heal|p2a: Zapdos|100/100\n|-singleturn|p2a: Zapdos|move: Roost\n|\n|upkeep\n|turn|4\n|\n|t:|1790540971\n|switch|p2a: Pelipper|Pelipper, F|100/100\n|-weather|RainDance|[from] ability: Drizzle|[of] p2a: Pelipper\n|move|p1a: Garchomp|Scale Shot|p2a: Pelipper\n|-damage|p2a: Pelipper|90/100\n|-damage|p2a: Pelipper|81/100\n|-damage|p2a: Pelipper|70/100\n|-hitcount|p2a: Pelipper|3\n|-unboost|p1a: Garchomp|def|1\n|-boost|p1a: Garchomp|spe|1\n|\n|-weather|RainDance|[upkeep]\n|upkeep\n|turn|5\n|\n|t:|1790540984\n|switch|p1a: Dragapult|Dragapult, M|100/100\n|switch|p2a: Zapdos|Zapdos|100/100\n|\n|-weather|RainDance|[upkeep]\n|-fieldend|move: Grassy Terrain\n|upkeep\n|turn|6\n|\n|t:|1790540990\n|switch|p1a: Garchomp|Garchomp, F|100/100\n|switch|p2a: Ferrothorn|Ferrothorn, M|100/100\n|\n|-weather|RainDance|[upkeep]\n|upkeep\n|turn|7\n|\n|t:|1790540997\n|switch|p1a: Rillaboom|Rillaboom, F|56/100\n|-fieldstart|move: Grassy Terrain|[from] ability: Grassy Surge|[of] p1a: Rillaboom\n|move|p2a: Ferrothorn|Knock Off|p1a: Rillaboom\n|-damage|p1a: Rillaboom|33/100\n|-enditem|p1a: Rillaboom|Life Orb|[from] move: Knock Off|[of] p2a: Ferrothorn\n|\n|-weather|RainDance|[upkeep]\n|-heal|p1a: Rillaboom|39/100|[from] Grassy Terrain\n|upkeep\n|turn|8\n|\n|t:|1790541004\n|switch|p1a: Garchomp|Garchomp, F|100/100\n|switch|p2a: Zapdos|Zapdos|100/100\n|\n|-weather|RainDance|[upkeep]\n|upkeep\n|turn|9\n|\n|t:|1790541008\n|move|p1a: Garchomp|Swords Dance|p1a: Garchomp\n|-boost|p1a: Garchomp|atk|2\n|move|p2a: Zapdos|Weather Ball|p1a: Garchomp\n|-damage|p1a: Garchomp|39/100\n|\n|-weather|RainDance|[upkeep]\n|-heal|p1a: Garchomp|46/100|[from] Grassy Terrain\n|upkeep\n|turn|10\n|\n|t:|1790541013\n|move|p1a: Garchomp|Scale Shot|p2a: Zapdos\n|-damage|p2a: Zapdos|74/100\n|-damage|p2a: Zapdos|46/100\n|-damage|p2a: Zapdos|19/100\n|-hitcount|p2a: Zapdos|3\n|-unboost|p1a: Garchomp|def|1\n|-boost|p1a: Garchomp|spe|1\n|move|p2a: Zapdos|Weather Ball|p1a: Garchomp\n|-damage|p1a: Garchomp|0 fnt\n|faint|p1a: Garchomp\n|\n|-weather|RainDance|[upkeep]\n|upkeep\n|\n|t:|1790541024\n|switch|p1a: Dragapult|Dragapult, M|100/100\n|turn|11\n|\n|t:|1790541027\n|switch|p2a: Ferrothorn|Ferrothorn, M|100/100\n|move|p1a: Dragapult|Shadow Ball|p2a: Ferrothorn\n|-damage|p2a: Ferrothorn|58/100\n|-unboost|p2a: Ferrothorn|spd|1\n|\n|-weather|none\n|-heal|p2a: Ferrothorn|64/100|[from] Grassy Terrain\n|-heal|p2a: Ferrothorn|70/100|[from] item: Leftovers\n|-fieldend|move: Grassy Terrain\n|upkeep\n|turn|12\n|\n|t:|1790541033\n|move|p1a: Dragapult|Shadow Ball|p2a: Ferrothorn\n|-damage|p2a: Ferrothorn|0 fnt\n|faint|p2a: Ferrothorn\n|\n|upkeep\n|\n|t:|1790541038\n|switch|p2a: Urshifu|Urshifu-Rapid-Strike, M|100/100\n|turn|13\n|\n|t:|1790541043\n|move|p1a: Dragapult|Shadow Ball|p2a: Urshifu\n|-damage|p2a: Urshifu|20/100\n|-unboost|p2a: Urshifu|spd|1\n|move|p2a: Urshifu|Surging Strikes|p1a: Dragapult\n|-resisted|p1a: Dragapult\n|-crit|p1a: Dragapult\n|-damage|p1a: Dragapult|82/100\n|-resisted|p1a: Dragapult\n|-crit|p1a: Dragapult\n|-damage|p1a: Dragapult|63/100\n|-resisted|p1a: Dragapult\n|-crit|p1a: Dragapult\n|-damage|p1a: Dragapult|42/100\n|-hitcount|p1a: Dragapult|3\n|\n|upkeep\n|turn|14\n|\n|t:|1790541053\n|switch|p2a: Excadrill|Excadrill, F|100/100\n|-ability|p2a: Excadrill|Mold Breaker\n|move|p1a: Dragapult|Shadow Ball|p2a: Excadrill\n|-damage|p2a: Excadrill|29/100\n|\n|upkeep\n|turn|15\n|\n|t:|1790541058\n|move|p2a: Excadrill|Iron Head|p1a: Dragapult\n|-damage|p1a: Dragapult|0 fnt\n|faint|p1a: Dragapult\n|\n|upkeep\n|\n|t:|1790541062\n|switch|p1a: Rillaboom|Rillaboom, F|39/100\n|-fieldstart|move: Grassy Terrain|[from] ability: Grassy Surge|[of] p1a: Rillaboom\n|turn|16\n|\n|t:|1790541067\n|switch|p2a: Zapdos|Zapdos|19/100\n|move|p1a: Rillaboom|Grassy Glide|p2a: Zapdos\n|-resisted|p2a: Zapdos\n|-damage|p2a: Zapdos|0 fnt\n|-status|p1a: Rillaboom|par|[from] ability: Static|[of] p2a: Zapdos\n|faint|p2a: Zapdos\n|\n|-heal|p1a: Rillaboom|45/100 par|[from] Grassy Terrain\n|upkeep\n|\n|t:|1790541079\n|switch|p2a: Pelipper|Pelipper, F|70/100\n|-weather|RainDance|[from] ability: Drizzle|[of] p2a: Pelipper\n|turn|17\n|\n|t:|1790541082\n|switch|p1a: Weavile|Weavile, M|100/100\n|-ability|p1a: Weavile|Pressure\n|move|p2a: Pelipper|U-turn|p1a: Weavile\n|-supereffective|p1a: Weavile\n|-damage|p1a: Weavile|72/100\n|\n|t:|1790541088\n|switch|p2a: Excadrill|Excadrill, F|29/100|[from] U-turn\n|-ability|p2a: Excadrill|Mold Breaker\n|\n|-weather|RainDance|[upkeep]\n|-heal|p2a: Excadrill|35/100|[from] Grassy Terrain\n|-heal|p1a: Weavile|78/100|[from] Grassy Terrain\n|upkeep\n|turn|18\n|\n|t:|1790541098\n|switch|p1a: Heatran|Heatran, F|100/100\n|-item|p1a: Heatran|Air Balloon\n|move|p2a: Excadrill|Iron Head|p1a: Heatran\n|-resisted|p1a: Heatran\n|-damage|p1a: Heatran|92/100\n|-enditem|p1a: Heatran|Air Balloon\n|\n|-weather|RainDance|[upkeep]\n|-heal|p2a: Excadrill|41/100|[from] Grassy Terrain\n|-heal|p1a: Heatran|98/100|[from] Grassy Terrain\n|upkeep\n|turn|19\n|\n|t:|1790541102\n|switch|p2a: Dragonite|Dragonite, F|100/100\n|move|p1a: Heatran|Magma Storm|p2a: Dragonite\n|-resisted|p2a: Dragonite\n|-damage|p2a: Dragonite|96/100\n|-activate|p2a: Dragonite|move: Magma Storm|[of] p1a: Heatran\n|\n|-weather|RainDance|[upkeep]\n|-heal|p1a: Heatran|100/100|[from] Grassy Terrain\n|-damage|p2a: Dragonite|83/100|[from] move: Magma Storm|[partiallytrapped]\n|upkeep\n|turn|20\n|\n|t:|1790541109\n|move|p2a: Dragonite|Dragon Dance|p2a: Dragonite\n|-boost|p2a: Dragonite|atk|1\n|-boost|p2a: Dragonite|spe|1\n|move|p1a: Heatran|Taunt|p2a: Dragonite\n|-start|p2a: Dragonite|move: Taunt\n|\n|-weather|RainDance|[upkeep]\n|-damage|p2a: Dragonite|71/100|[from] move: Magma Storm|[partiallytrapped]\n|-fieldend|move: Grassy Terrain\n|upkeep\n|turn|21\n|\n|t:|1790541114\n|switch|p1a: Rillaboom|Rillaboom, F|45/100 par\n|-fieldstart|move: Grassy Terrain|[from] ability: Grassy Surge|[of] p1a: Rillaboom\n|move|p2a: Dragonite|Earthquake|p1a: Rillaboom\n|-resisted|p1a: Rillaboom\n|-damage|p1a: Rillaboom|32/100 par\n|\n|-weather|RainDance|[upkeep]\n|-heal|p1a: Rillaboom|38/100 par|[from] Grassy Terrain\n|-end|p2a: Dragonite|Magma Storm|[partiallytrapped]|[silent]\n|upkeep\n|turn|22\n|\n|t:|1790541119\n|move|p2a: Dragonite|Extreme Speed|p1a: Rillaboom\n|-damage|p1a: Rillaboom|0 fnt\n|faint|p1a: Rillaboom\n|\n|-weather|RainDance|[upkeep]\n|upkeep\n|\n|t:|1790541131\n|switch|p1a: Weavile|Weavile, M|78/100\n|-ability|p1a: Weavile|Pressure\n|turn|23\n|inactive|B0by 774 has 270 seconds left.\n|inactive|B0by 774 has 240 seconds left.\n|j| Xenn_Ray\n|\n|t:|1790541216\n|move|p2a: Dragonite|Extreme Speed|p1a: Weavile\n|-damage|p1a: Weavile|15/100\n|move|p1a: Weavile|Ice Shard|p2a: Dragonite\n|-supereffective|p2a: Dragonite\n|-damage|p2a: Dragonite|0 fnt\n|faint|p2a: Dragonite\n|\n|-weather|RainDance|[upkeep]\n|-heal|p1a: Weavile|21/100|[from] Grassy Terrain\n|upkeep\n|inactive|B0by 774 has 210 seconds left.\n|\n|t:|1790541248\n|switch|p2a: Urshifu|Urshifu-Rapid-Strike, M|20/100\n|turn|24\n|inactive|sixsevenabacatudo has 270 seconds left.\n|\n|t:|1790541295\n|move|p2a: Urshifu|Aqua Jet|p1a: Weavile\n|-damage|p1a: Weavile|0 fnt\n|faint|p1a: Weavile\n|\n|-weather|none\n|-heal|p2a: Urshifu|26/100|[from] Grassy Terrain\n|upkeep\n|\n|t:|1790541298\n|switch|p1a: Blaziken|Blaziken, F|100/100\n|turn|25\n|\n|t:|1790541303\n|switch|p2a: Pelipper|Pelipper, F|70/100\n|-weather|RainDance|[from] ability: Drizzle|[of] p2a: Pelipper\n|move|p1a: Blaziken|Protect||[still]\n|-fail|p1a: Blaziken\n|\n|-weather|RainDance|[upkeep]\n|-fieldend|move: Grassy Terrain\n|-ability|p1a: Blaziken|Speed Boost|boost\n|-boost|p1a: Blaziken|spe|1\n|upkeep\n|turn|26\n|\n|t:|1790541308\n|switch|p1a: Heatran|Heatran, F|100/100\n|move|p2a: Pelipper|Scald|p1a: Heatran\n|-supereffective|p1a: Heatran\n|-crit|p1a: Heatran\n|-damage|p1a: Heatran|22/100\n|\n|-weather|RainDance|[upkeep]\n|upkeep\n|turn|27\n|\n|t:|1790541314\n|move|p1a: Heatran|Magma Storm|p2a: Pelipper\n|-resisted|p2a: Pelipper\n|-crit|p2a: Pelipper\n|-damage|p2a: Pelipper|49/100\n|-activate|p2a: Pelipper|move: Magma Storm|[of] p1a: Heatran\n|move|p2a: Pelipper|Scald|p1a: Heatran\n|-supereffective|p1a: Heatran\n|-damage|p1a: Heatran|0 fnt\n|faint|p1a: Heatran\n|\n|-weather|RainDance|[upkeep]\n|-end|p2a: Pelipper|Magma Storm|[partiallytrapped]|[silent]\n|upkeep\n|\n|t:|1790541317\n|switch|p1a: Blaziken|Blaziken, F|100/100\n|turn|28\n|\n|t:|1790541319\n|move|p1a: Blaziken|Swords Dance|p1a: Blaziken\n|-boost|p1a: Blaziken|atk|2\n|move|p2a: Pelipper|Scald|p1a: Blaziken\n|-supereffective|p1a: Blaziken\n|-damage|p1a: Blaziken|0 fnt\n|faint|p1a: Blaziken\n|\n|win|B0by 774\n|c|\u2606B0by 774|gg\n|c|\u2606sixsevenabacatudo|gg\n|l| Xenn_Ray\n|c|\u2606sixsevenabacatudo|Gen 7?\n|c|\u2606B0by 774|lets go for gen 7\n|l|\u2606sixsevenabacatudo\n|player|p1|\n", "uploadtime": 1790541326, "views": "47", "formatid": "gen8ou", "rating": null, "private": 0, "password": null}