{"id": "gen8ou-2687952577", "format": "[Gen 8] OU", "players": ["Chowder21", "its a game chill"], "log": "|j|\u2606Chowder21\n|j|\u2606its a game chill\n|t:|1790381619\n|gametype|singles\n|player|p1|Chowder21|170|1159\n|player|p2|its a game chill|102|1316\n|gen|8\n|tier|[Gen 8] OU\n|rated|\n|rule|HP Percentage Mod: HP is shown in percentages\n|rule|Endless Battle Clause: Forcing endless battles is banned\n|rule|Sleep Clause Mod: Limit one foe put to sleep\n|rule|Species Clause: Limit one of each Pok\u00e9mon\n|rule|OHKO Clause: OHKO moves are banned\n|rule|Evasion Items Clause: Evasion items are banned\n|rule|Evasion Moves Clause: Evasion moves are banned\n|rule|Dynamax Clause: You cannot dynamax\n|clearpoke\n|poke|p1|Rillaboom, F|\n|poke|p1|Salazzle, F|\n|poke|p1|Melmetal|\n|poke|p1|Slowbro, M|\n|poke|p1|Blissey, F|\n|poke|p1|Amoonguss, M|\n|poke|p2|Tyranitar, F|\n|poke|p2|Ninetales-Alola, M|\n|poke|p2|Zapdos|\n|poke|p2|Tapu Bulu|\n|poke|p2|Dracozolt|\n|poke|p2|Arctozolt|\n|teampreview\n|inactive|Battle timer is ON: inactive players will automatically lose when time's up. (requested by its a game chill)\n|\n|t:|1790381626\n|teamsize|p1|6\n|teamsize|p2|6\n|start\n|switch|p1a: Melmetal|Melmetal|100/100\n|switch|p2a: Dr. Stone|Tyranitar, F|100/100\n|-weather|Sandstorm|[from] ability: Sand Stream|[of] p2a: Dr. Stone\n|turn|1\n|\n|t:|1790381634\n|switch|p2a: The Witch|Zapdos|100/100\n|move|p1a: Melmetal|Double Iron Bash|p2a: The Witch\n|-resisted|p2a: The Witch\n|-damage|p2a: The Witch|85/100\n|-status|p1a: Melmetal|par|[from] ability: Static|[of] p2a: The Witch\n|-resisted|p2a: The Witch\n|-damage|p2a: The Witch|70/100\n|-hitcount|p2a: The Witch|2\n|\n|-weather|Sandstorm|[upkeep]\n|-damage|p2a: The Witch|64/100|[from] Sandstorm\n|upkeep\n|turn|2\n|\n|t:|1790381642\n|move|p2a: The Witch|Volt Switch|p1a: Melmetal\n|-damage|p1a: Melmetal|81/100 par\n|\n|t:|1790381647\n|switch|p2a: Mr. Frost|Arctozolt|100/100|[from] Volt Switch\n|move|p1a: Melmetal|Ice Punch|p2a: Mr. Frost\n|-resisted|p2a: Mr. Frost\n|-damage|p2a: Mr. Frost|79/100\n|\n|-weather|Sandstorm|[upkeep]\n|-damage|p2a: Mr. Frost|73/100|[from] Sandstorm\n|upkeep\n|turn|3\n|\n|t:|1790381656\n|switch|p2a: The Witch|Zapdos|64/100\n|move|p1a: Melmetal|Double Iron Bash|p2a: The Witch\n|-resisted|p2a: The Witch\n|-damage|p2a: The Witch|48/100\n|-resisted|p2a: The Witch\n|-damage|p2a: The Witch|32/100\n|-hitcount|p2a: The Witch|2\n|\n|-weather|Sandstorm|[upkeep]\n|-damage|p2a: The Witch|26/100|[from] Sandstorm\n|upkeep\n|turn|4\n|\n|t:|1790381664\n|move|p2a: The Witch|Heat Wave|p1a: Melmetal\n|-supereffective|p1a: Melmetal\n|-damage|p1a: Melmetal|48/100 par\n|move|p1a: Melmetal|Double Iron Bash|p2a: The Witch\n|-resisted|p2a: The Witch\n|-damage|p2a: The Witch|10/100\n|-resisted|p2a: The Witch\n|-damage|p2a: The Witch|0 fnt\n|faint|p2a: The Witch\n|-hitcount|p2: The Witch|2\n|\n|-weather|Sandstorm|[upkeep]\n|upkeep\n|\n|t:|1790381670\n|switch|p2a: Sin.|Dracozolt|100/100\n|turn|5\n|\n|t:|1790381673\n|move|p2a: Sin.|Bolt Beak|p1a: Melmetal\n|-damage|p1a: Melmetal|0 fnt\n|faint|p1a: Melmetal\n|\n|-weather|none\n|upkeep\n|\n|t:|1790381679\n|switch|p1a: Rillaboom|Rillaboom, F|100/100\n|-fieldstart|move: Grassy Terrain|[from] ability: Grassy Surge|[of] p1a: Rillaboom\n|turn|6\n|\n|t:|1790381683\n|switch|p2a: The Archbishop|Tapu Bulu|100/100\n|move|p1a: Rillaboom|Grassy Glide|p2a: The Archbishop\n|-resisted|p2a: The Archbishop\n|-damage|p2a: The Archbishop|80/100\n|-damage|p1a: Rillaboom|84/100|[from] item: Rocky Helmet|[of] p2a: The Archbishop\n|\n|-heal|p1a: Rillaboom|90/100|[from] Grassy Terrain\n|-heal|p2a: The Archbishop|86/100|[from] Grassy Terrain\n|upkeep\n|turn|7\n|\n|t:|1790381691\n|switch|p1a: Salazzle|Salazzle, F|100/100\n|switch|p2a: Dr. Stone|Tyranitar, F|100/100\n|-weather|Sandstorm|[from] ability: Sand Stream|[of] p2a: Dr. Stone\n|\n|-weather|Sandstorm|[upkeep]\n|-damage|p1a: Salazzle|94/100|[from] Sandstorm\n|-heal|p1a: Salazzle|100/100|[from] Grassy Terrain\n|upkeep\n|turn|8\n|\n|t:|1790381702\n|switch|p1a: Slowbro|Slowbro, M|100/100\n|move|p2a: Dr. Stone|Fire Blast|p1a: Slowbro\n|-resisted|p1a: Slowbro\n|-damage|p1a: Slowbro|83/100\n|\n|-weather|Sandstorm|[upkeep]\n|-damage|p1a: Slowbro|77/100|[from] Sandstorm\n|-heal|p1a: Slowbro|83/100|[from] Grassy Terrain\n|upkeep\n|turn|9\n|\n|t:|1790381708\n|move|p2a: Dr. Stone|Stealth Rock|p1a: Slowbro\n|-sidestart|p1: Chowder21|move: Stealth Rock\n|move|p1a: Slowbro|Scald|p2a: Dr. Stone\n|-supereffective|p2a: Dr. Stone\n|-damage|p2a: Dr. Stone|55/100\n|\n|-weather|Sandstorm|[upkeep]\n|-damage|p1a: Slowbro|77/100|[from] Sandstorm\n|-heal|p2a: Dr. Stone|61/100|[from] Grassy Terrain\n|-heal|p2a: Dr. Stone|67/100|[from] item: Leftovers\n|-heal|p1a: Slowbro|83/100|[from] Grassy Terrain\n|upkeep\n|turn|10\n|\n|t:|1790381716\n|switch|p2a: Lady Frost|Ninetales-Alola, M|100/100\n|-weather|Hail|[from] ability: Snow Warning|[of] p2a: Lady Frost\n|move|p1a: Slowbro|Future Sight|p2a: Lady Frost\n|-start|p1a: Slowbro|move: Future Sight\n|\n|-weather|Hail|[upkeep]\n|-damage|p1a: Slowbro|77/100|[from] Hail\n|-heal|p1a: Slowbro|83/100|[from] Grassy Terrain\n|-fieldend|move: Grassy Terrain\n|upkeep\n|turn|11\n|\n|t:|1790381722\n|switch|p2a: Mr. Frost|Arctozolt|73/100\n|move|p1a: Slowbro|Teleport|p1a: Slowbro\n|\n|t:|1790381728\n|switch|p1a: Rillaboom|Rillaboom, F|90/100|[from] Teleport\n|-damage|p1a: Rillaboom|78/100|[from] Stealth Rock\n|-fieldstart|move: Grassy Terrain|[from] ability: Grassy Surge|[of] p1a: Rillaboom\n|\n|-weather|Hail|[upkeep]\n|-damage|p1a: Rillaboom|72/100|[from] Hail\n|-heal|p2a: Mr. Frost|79/100|[from] Grassy Terrain\n|-heal|p1a: Rillaboom|78/100|[from] Grassy Terrain\n|upkeep\n|turn|12\n|\n|t:|1790381744\n|switch|p2a: The Archbishop|Tapu Bulu|86/100\n|move|p1a: Rillaboom|Drain Punch|p2a: The Archbishop\n|-resisted|p2a: The Archbishop\n|-damage|p2a: The Archbishop|74/100\n|-heal|p1a: Rillaboom|84/100|[from] drain|[of] p2a: The Archbishop\n|-damage|p1a: Rillaboom|67/100|[from] item: Rocky Helmet|[of] p2a: The Archbishop\n|\n|-weather|Hail|[upkeep]\n|-damage|p1a: Rillaboom|61/100|[from] Hail\n|-damage|p2a: The Archbishop|68/100|[from] Hail\n|-end|p2a: The Archbishop|move: Future Sight\n|-damage|p2a: The Archbishop|6/100\n|-heal|p1a: Rillaboom|67/100|[from] Grassy Terrain\n|-heal|p2a: The Archbishop|12/100|[from] Grassy Terrain\n|upkeep\n|turn|13\n|\n|t:|1790381748\n|switch|p1a: Amoonguss|Amoonguss, M|100/100\n|-damage|p1a: Amoonguss|88/100|[from] Stealth Rock\n|move|p2a: The Archbishop|Toxic|p1a: Amoonguss\n|-immune|p1a: Amoonguss\n|\n|-weather|Hail|[upkeep]\n|-damage|p2a: The Archbishop|6/100|[from] Hail\n|-damage|p1a: Amoonguss|82/100|[from] Hail\n|-heal|p2a: The Archbishop|12/100|[from] Grassy Terrain\n|-heal|p1a: Amoonguss|88/100|[from] Grassy Terrain\n|-heal|p1a: Amoonguss|94/100|[from] item: Black Sludge\n|upkeep\n|turn|14\n|\n|t:|1790381755\n|switch|p2a: Dr. Stone|Tyranitar, F|67/100\n|-weather|Sandstorm|[from] ability: Sand Stream|[of] p2a: Dr. Stone\n|move|p1a: Amoonguss|Sludge Bomb|p2a: Dr. Stone\n|-resisted|p2a: Dr. Stone\n|-damage|p2a: Dr. Stone|59/100\n|\n|-weather|Sandstorm|[upkeep]\n|-damage|p1a: Amoonguss|88/100|[from] Sandstorm\n|-heal|p2a: Dr. Stone|65/100|[from] Grassy Terrain\n|-heal|p2a: Dr. Stone|71/100|[from] item: Leftovers\n|-heal|p1a: Amoonguss|94/100|[from] Grassy Terrain\n|-heal|p1a: Amoonguss|100/100|[from] item: Black Sludge\n|upkeep\n|turn|15\n|\n|t:|1790381763\n|switch|p2a: Sin.|Dracozolt|100/100\n|move|p1a: Amoonguss|Spore|p2a: Sin.\n|-status|p2a: Sin.|slp|[from] move: Spore\n|\n|-weather|Sandstorm|[upkeep]\n|-damage|p1a: Amoonguss|94/100|[from] Sandstorm\n|-heal|p1a: Amoonguss|100/100|[from] Grassy Terrain\n|-fieldend|move: Grassy Terrain\n|upkeep\n|turn|16\n|\n|t:|1790381771\n|switch|p2a: Dr. Stone|Tyranitar, F|71/100\n|move|p1a: Amoonguss|Foul Play|p2a: Dr. Stone\n|-resisted|p2a: Dr. Stone\n|-damage|p2a: Dr. Stone|59/100\n|\n|-weather|Sandstorm|[upkeep]\n|-damage|p1a: Amoonguss|94/100|[from] Sandstorm\n|-heal|p2a: Dr. Stone|65/100|[from] item: Leftovers\n|-heal|p1a: Amoonguss|100/100|[from] item: Black Sludge\n|upkeep\n|turn|17\n|\n|t:|1790381777\n|switch|p2a: Lady Frost|Ninetales-Alola, M|100/100\n|-weather|Hail|[from] ability: Snow Warning|[of] p2a: Lady Frost\n|switch|p1a: Rillaboom|Rillaboom, F|67/100\n|-damage|p1a: Rillaboom|55/100|[from] Stealth Rock\n|-fieldstart|move: Grassy Terrain|[from] ability: Grassy Surge|[of] p1a: Rillaboom\n|\n|-weather|Hail|[upkeep]\n|-damage|p1a: Rillaboom|49/100|[from] Hail\n|-heal|p1a: Rillaboom|55/100|[from] Grassy Terrain\n|upkeep\n|turn|18\n|\n|t:|1790381789\n|switch|p2a: The Archbishop|Tapu Bulu|12/100\n|switch|p1a: Blissey|Blissey, F|100/100\n|-damage|p1a: Blissey|88/100|[from] Stealth Rock\n|\n|-weather|Hail|[upkeep]\n|-damage|p2a: The Archbishop|6/100|[from] Hail\n|-damage|p1a: Blissey|82/100|[from] Hail\n|-heal|p2a: The Archbishop|12/100|[from] Grassy Terrain\n|-heal|p1a: Blissey|88/100|[from] Grassy Terrain\n|-heal|p1a: Blissey|94/100|[from] item: Leftovers\n|upkeep\n|turn|19\n|\n|t:|1790381795\n|switch|p2a: Mr. Frost|Arctozolt|79/100\n|switch|p1a: Salazzle|Salazzle, F|100/100\n|\n|-weather|Hail|[upkeep]\n|-damage|p1a: Salazzle|94/100|[from] Hail\n|-heal|p2a: Mr. Frost|86/100|[from] Grassy Terrain\n|-heal|p1a: Salazzle|100/100|[from] Grassy Terrain\n|upkeep\n|turn|20\n|\n|t:|1790381800\n|move|p2a: Mr. Frost|Icicle Crash|p1a: Salazzle\n|-resisted|p1a: Salazzle\n|-damage|p1a: Salazzle|69/100\n|move|p1a: Salazzle|Flamethrower|p2a: Mr. Frost\n|-supereffective|p2a: Mr. Frost\n|-damage|p2a: Mr. Frost|0 fnt\n|faint|p2a: Mr. Frost\n|\n|-weather|Hail|[upkeep]\n|-damage|p1a: Salazzle|62/100|[from] Hail\n|-heal|p1a: Salazzle|69/100|[from] Grassy Terrain\n|upkeep\n|\n|t:|1790381806\n|switch|p2a: Dr. Stone|Tyranitar, F|65/100\n|-weather|Sandstorm|[from] ability: Sand Stream|[of] p2a: Dr. Stone\n|turn|21\n|\n|t:|1790381816\n|switch|p1a: Rillaboom|Rillaboom, F|55/100\n|-damage|p1a: Rillaboom|43/100|[from] Stealth Rock\n|switch|p2a: Lady Frost|Ninetales-Alola, M|100/100\n|-weather|Hail|[from] ability: Snow Warning|[of] p2a: Lady Frost\n|\n|-weather|Hail|[upkeep]\n|-damage|p1a: Rillaboom|36/100|[from] Hail\n|-heal|p1a: Rillaboom|43/100|[from] Grassy Terrain\n|-fieldend|move: Grassy Terrain\n|upkeep\n|turn|22\n|\n|t:|1790381826\n|switch|p1a: Blissey|Blissey, F|94/100\n|-damage|p1a: Blissey|82/100|[from] Stealth Rock\n|move|p2a: Lady Frost|Aurora Veil|p2a: Lady Frost\n|-sidestart|p2: its a game chill|move: Aurora Veil\n|\n|-weather|Hail|[upkeep]\n|-damage|p1a: Blissey|76/100|[from] Hail\n|-heal|p1a: Blissey|82/100|[from] item: Leftovers\n|upkeep\n|turn|23\n|\n|t:|1790381833\n|move|p2a: Lady Frost|Heal Bell|p2a: Lady Frost\n|-activate|p2a: Lady Frost|move: Heal Bell\n|-curestatus|p2: Sin.|slp|[msg]\n|move|p1a: Blissey|Wish|p1a: Blissey\n|\n|-weather|Hail|[upkeep]\n|-damage|p1a: Blissey|76/100|[from] Hail\n|-heal|p1a: Blissey|82/100|[from] item: Leftovers\n|upkeep\n|turn|24\n|\n|t:|1790381842\n|move|p2a: Lady Frost|Freeze-Dry|p1a: Blissey\n|-damage|p1a: Blissey|71/100\n|move|p1a: Blissey|Seismic Toss|p2a: Lady Frost\n|-damage|p2a: Lady Frost|66/100\n|\n|-weather|Hail|[upkeep]\n|-damage|p1a: Blissey|65/100|[from] Hail\n|-heal|p1a: Blissey|100/100|[from] move: Wish|[wisher] Blissey\n|upkeep\n|turn|25\n|\n|t:|1790381854\n|switch|p2a: Sin.|Dracozolt|100/100\n|move|p1a: Blissey|Seismic Toss|p2a: Sin.\n|-damage|p2a: Sin.|69/100\n|\n|-weather|none\n|upkeep\n|turn|26\n|\n|t:|1790381863\n|switch|p1a: Amoonguss|Amoonguss, M|100/100\n|-damage|p1a: Amoonguss|88/100|[from] Stealth Rock\n|move|p2a: Sin.|Bolt Beak|p1a: Amoonguss\n|-resisted|p1a: Amoonguss\n|-damage|p1a: Amoonguss|28/100\n|\n|-heal|p1a: Amoonguss|35/100|[from] item: Black Sludge\n|-sideend|p2: its a game chill|move: Aurora Veil\n|upkeep\n|turn|27\n|\n|t:|1790381873\n|move|p2a: Sin.|Bolt Beak|p1a: Amoonguss\n|-resisted|p1a: Amoonguss\n|-damage|p1a: Amoonguss|0 fnt\n|faint|p1a: Amoonguss\n|\n|upkeep\n|\n|t:|1790381878\n|switch|p1a: Salazzle|Salazzle, F|69/100\n|turn|28\n|\n|t:|1790381884\n|switch|p2a: Dr. Stone|Tyranitar, F|65/100\n|-weather|Sandstorm|[from] ability: Sand Stream|[of] p2a: Dr. Stone\n|move|p1a: Salazzle|Toxic|p2a: Dr. Stone\n|-status|p2a: Dr. Stone|tox\n|\n|-weather|Sandstorm|[upkeep]\n|-damage|p1a: Salazzle|62/100|[from] Sandstorm\n|-heal|p2a: Dr. Stone|71/100 tox|[from] item: Leftovers\n|-damage|p2a: Dr. Stone|65/100 tox|[from] psn\n|upkeep\n|turn|29\n|\n|t:|1790381896\n|switch|p2a: Sin.|Dracozolt|69/100\n|move|p1a: Salazzle|Taunt|p2a: Sin.\n|-start|p2a: Sin.|move: Taunt\n|\n|-weather|Sandstorm|[upkeep]\n|-damage|p1a: Salazzle|56/100|[from] Sandstorm\n|upkeep\n|turn|30\n|\n|t:|1790381898\n|move|p2a: Sin.|Bolt Beak|p1a: Salazzle\n|-damage|p1a: Salazzle|0 fnt\n|faint|p1a: Salazzle\n|\n|-weather|Sandstorm|[upkeep]\n|upkeep\n|\n|t:|1790381902\n|switch|p1a: Rillaboom|Rillaboom, F|43/100\n|-damage|p1a: Rillaboom|30/100|[from] Stealth Rock\n|-fieldstart|move: Grassy Terrain|[from] ability: Grassy Surge|[of] p1a: Rillaboom\n|turn|31\n|\n|t:|1790381906\n|move|p2a: Sin.|Bolt Beak|p1a: Rillaboom\n|-resisted|p1a: Rillaboom\n|-damage|p1a: Rillaboom|0 fnt\n|faint|p1a: Rillaboom\n|\n|-weather|Sandstorm|[upkeep]\n|-heal|p2a: Sin.|76/100|[from] Grassy Terrain\n|-end|p2a: Sin.|move: Taunt\n|upkeep\n|\n|t:|1790381908\n|switch|p1a: Slowbro|Slowbro, M|100/100\n|-damage|p1a: Slowbro|88/100|[from] Stealth Rock\n|turn|32\n|\n|t:|1790381909\n|move|p2a: Sin.|Bolt Beak|p1a: Slowbro\n|-supereffective|p1a: Slowbro\n|-damage|p1a: Slowbro|0 fnt\n|faint|p1a: Slowbro\n|\n|-weather|none\n|-heal|p2a: Sin.|82/100|[from] Grassy Terrain\n|upkeep\n|-message|Chowder21 forfeited.\n|\n|win|its a game chill\n|raw|Chowder21's rating: 1159 &rarr; <strong>1145</strong><br />(-14 for losing)\n|raw|its a game chill's rating: 1316 &rarr; <strong>1328</strong><br />(+12 for winning)\n|l|\u2606Chowder21\n|player|p1|\n", "uploadtime": 1790381976, "views": "14", "formatid": "gen8ou", "rating": 1145, "private": 0, "password": null}