{"id": "gen8ou-2688194376", "format": "[Gen 8] OU", "players": ["daisyx3", "Randonimous"], "log": "|j|\u2606daisyx3\n|j|\u2606Randonimous\n|t:|1790431730\n|gametype|singles\n|player|p1|daisyx3|beauty-gen4dp|1000\n|player|p2|Randonimous|waiter-gen4dp|1000\n|gen|8\n|tier|[Gen 8] OU\n|rated|\n|rule|HP Percentage Mod: HP is shown in percentages\n|rule|Endless Battle Clause: Forcing endless battles is banned\n|rule|Sleep Clause Mod: Limit one foe put to sleep\n|rule|Species Clause: Limit one of each Pok\u00e9mon\n|rule|OHKO Clause: OHKO moves are banned\n|rule|Evasion Items Clause: Evasion items are banned\n|rule|Evasion Moves Clause: Evasion moves are banned\n|rule|Dynamax Clause: You cannot dynamax\n|clearpoke\n|poke|p1|Volcarona, F|\n|poke|p1|Tapu Lele|\n|poke|p1|Garchomp, F|\n|poke|p1|Zapdos-Galar|\n|poke|p1|Melmetal|\n|poke|p1|Slowking-Galar, F|\n|poke|p2|Zoroark, M|\n|poke|p2|Chandelure, M|\n|poke|p2|Gengar, M|\n|poke|p2|Alakazam, M|\n|poke|p2|Dusclops, M|\n|poke|p2|Klefki, M|\n|teampreview\n|inactive|Battle timer is ON: inactive players will automatically lose when time's up. (requested by daisyx3)\n|\n|t:|1790431754\n|teamsize|p1|6\n|teamsize|p2|6\n|start\n|switch|p1a: Garchomp|Garchomp, F|100/100\n|switch|p2a: Gengar.|Chandelure, M|100/100\n|turn|1\n|\n|t:|1790431763\n|move|p2a: Gengar.|Calm Mind|p2a: Gengar.\n|-boost|p2a: Gengar.|spa|1\n|-boost|p2a: Gengar.|spd|1\n|move|p1a: Garchomp|Swords Dance|p1a: Garchomp\n|-boost|p1a: Garchomp|atk|2\n|\n|upkeep\n|turn|2\n|\n|t:|1790431771\n|move|p2a: Gengar.|Shadow Ball|p1a: Garchomp\n|-damage|p1a: Garchomp|60/100\n|move|p1a: Garchomp|Earthquake|p2a: Gengar.\n|-enditem|p2a: Gengar.|Focus Sash\n|-damage|p2a: Gengar.|1/100\n|replace|p2a: ChandeIure|Zoroark, M\n|-end|p2a: ChandeIure|Illusion\n|\n|-heal|p1a: Garchomp|66/100|[from] item: Leftovers\n|upkeep\n|turn|3\n|\n|t:|1790431780\n|move|p2a: ChandeIure|Dark Pulse|p1a: Garchomp\n|-damage|p1a: Garchomp|0 fnt\n|faint|p1a: Garchomp\n|\n|upkeep\n|\n|t:|1790431786\n|switch|p1a: Zapdos|Zapdos-Galar|100/100\n|turn|4\n|\n|t:|1790431792\n|switch|p2a: AIakazam|Gengar, M|100/100\n|move|p1a: Zapdos|U-turn|p2a: AIakazam\n|-resisted|p2a: AIakazam\n|-damage|p2a: AIakazam|83/100\n|\n|t:|1790431805\n|switch|p1a: Volcarona|Volcarona, F|100/100|[from] U-turn\n|\n|upkeep\n|turn|5\n|l|\u2606Randonimous\n|inactive|Randonimous disconnected and has a minute to reconnect!\n|player|p2|\n|j|\u2606Randonimous\n|inactive|Randonimous reconnected and has 115 seconds left.\n|player|p2|Randonimous|waiter-gen4dp|\n|\n|t:|1790431845\n|move|p2a: AIakazam|Trick|p1a: Volcarona\n|-activate|p2a: AIakazam|move: Trick|[of] p1a: Volcarona\n|-item|p1a: Volcarona|Choice Scarf|[from] move: Trick\n|-item|p2a: AIakazam|Heavy-Duty Boots|[from] move: Trick\n|move|p1a: Volcarona|Quiver Dance|p1a: Volcarona\n|-boost|p1a: Volcarona|spa|1\n|-boost|p1a: Volcarona|spd|1\n|-boost|p1a: Volcarona|spe|1\n|\n|upkeep\n|turn|6\n|\n|t:|1790431852\n|switch|p1a: Tapu Lele|Tapu Lele|100/100\n|-fieldstart|move: Psychic Terrain|[from] ability: Psychic Surge|[of] p1a: Tapu Lele\n|move|p2a: AIakazam|Nasty Plot|p2a: AIakazam\n|-boost|p2a: AIakazam|spa|2\n|\n|upkeep\n|turn|7\n|\n|t:|1790431861\n|move|p2a: AIakazam|Sludge Wave|p1a: Tapu Lele\n|-supereffective|p1a: Tapu Lele\n|-damage|p1a: Tapu Lele|0 fnt\n|faint|p1a: Tapu Lele\n|\n|upkeep\n|\n|t:|1790431864\n|switch|p1a: Melmetal|Melmetal|100/100\n|turn|8\n|\n|t:|1790431873\n|move|p2a: AIakazam|Shadow Ball|p1a: Melmetal\n|-damage|p1a: Melmetal|27/100\n|move|p1a: Melmetal|Earthquake|p2a: AIakazam\n|-supereffective|p2a: AIakazam\n|-damage|p2a: AIakazam|0 fnt\n|faint|p2a: AIakazam\n|\n|-heal|p1a: Melmetal|33/100|[from] item: Leftovers\n|upkeep\n|\n|t:|1790431882\n|switch|p2a: Gengar.|Chandelure, M|1/100\n|turn|9\n|\n|t:|1790431887\n|move|p1a: Melmetal|Protect|p1a: Melmetal\n|-singleturn|p1a: Melmetal|Protect\n|move|p2a: Gengar.|Flamethrower|p1a: Melmetal\n|-activate|p1a: Melmetal|move: Protect\n|\n|-heal|p1a: Melmetal|39/100|[from] item: Leftovers\n|upkeep\n|turn|10\n|\n|t:|1790431903\n|switch|p1a: Slowking|Slowking-Galar, F|100/100\n|move|p2a: Gengar.|Shadow Ball|p1a: Slowking\n|-supereffective|p1a: Slowking\n|-damage|p1a: Slowking|77/100\n|\n|-fieldend|move: Psychic Terrain\n|upkeep\n|turn|11\n|j| aoyeguanjun\n|\n|t:|1790431920\n|move|p2a: Gengar.|Dark Pulse|p1a: Slowking\n|-supereffective|p1a: Slowking\n|-damage|p1a: Slowking|41/100\n|cant|p1a: Slowking|flinch\n|\n|upkeep\n|turn|12\n|\n|t:|1790431929\n|switch|p2a: Gengar.|Chandelure, M|100/100\n|move|p1a: Slowking|Flamethrower|p2a: Gengar.\n|-resisted|p2a: Gengar.\n|-damage|p2a: Gengar.|86/100\n|\n|upkeep\n|turn|13\n|\n|t:|1790431935\n|move|p2a: Gengar.|Calm Mind|p2a: Gengar.\n|-boost|p2a: Gengar.|spa|1\n|-boost|p2a: Gengar.|spd|1\n|move|p1a: Slowking|Scald|p2a: Gengar.\n|-supereffective|p2a: Gengar.\n|-damage|p2a: Gengar.|53/100\n|\n|upkeep\n|turn|14\n|\n|t:|1790431941\n|move|p2a: Gengar.|Calm Mind|p2a: Gengar.\n|-boost|p2a: Gengar.|spa|1\n|-boost|p2a: Gengar.|spd|1\n|move|p1a: Slowking|Future Sight|p2a: Gengar.\n|-start|p1a: Slowking|move: Future Sight\n|\n|upkeep\n|turn|15\n|\n|t:|1790431947\n|move|p2a: Gengar.|Shadow Ball|p1a: Slowking\n|-supereffective|p1a: Slowking\n|-damage|p1a: Slowking|0 fnt\n|faint|p1a: Slowking\n|\n|upkeep\n|\n|t:|1790431953\n|switch|p1a: Zapdos|Zapdos-Galar|100/100\n|turn|16\n|\n|t:|1790431958\n|move|p1a: Zapdos|U-turn|p2a: Gengar.\n|-resisted|p2a: Gengar.\n|-damage|p2a: Gengar.|42/100\n|\n|t:|1790431963\n|switch|p1a: Volcarona|Volcarona, F|100/100|[from] U-turn\n|move|p2a: Gengar.|Shadow Ball|p1a: Volcarona\n|-damage|p1a: Volcarona|29/100\n|\n|-end|p2a: Gengar.|move: Future Sight\n|-crit|p2a: Gengar.\n|-damage|p2a: Gengar.|0 fnt\n|faint|p2a: Gengar.\n|upkeep\n|\n|t:|1790431982\n|switch|p2a: Chandelure.|Dusclops, M|100/100\n|-ability|p2a: Chandelure.|Pressure\n|turn|17\n|\n|t:|1790431989\n|move|p1a: Volcarona|Giga Drain|p2a: Chandelure.\n|-damage|p2a: Chandelure.|86/100\n|-heal|p1a: Volcarona|33/100|[from] drain|[of] p2a: Chandelure.\n|move|p2a: Chandelure.|Seismic Toss|p1a: Volcarona\n|-damage|p1a: Volcarona|6/100\n|\n|upkeep\n|turn|18\n|\n|t:|1790431996\n|move|p1a: Volcarona|Giga Drain|p2a: Chandelure.\n|-damage|p2a: Chandelure.|72/100\n|-heal|p1a: Volcarona|10/100|[from] drain|[of] p2a: Chandelure.\n|move|p2a: Chandelure.|Seismic Toss|p1a: Volcarona\n|-damage|p1a: Volcarona|0 fnt\n|faint|p1a: Volcarona\n|\n|upkeep\n|\n|t:|1790431999\n|switch|p1a: Zapdos|Zapdos-Galar|100/100\n|turn|19\n|\n|t:|1790432002\n|move|p1a: Zapdos|Brave Bird|p2a: Chandelure.\n|-crit|p2a: Chandelure.\n|-damage|p2a: Chandelure.|0 fnt\n|faint|p2a: Chandelure.\n|-damage|p1a: Zapdos|84/100|[from] Recoil\n|\n|upkeep\n|\n|t:|1790432006\n|switch|p2a: Gemgar|Alakazam, M|1/100\n|turn|20\n|\n|t:|1790432011\n|move|p2a: Gemgar|Shadow Ball|p1a: Zapdos\n|-damage|p1a: Zapdos|53/100\n|move|p1a: Zapdos|Brave Bird|p2a: Gemgar\n|-damage|p2a: Gemgar|0 fnt\n|replace|p2a: ChandeIure|Zoroark, M\n|-end|p2a: ChandeIure|Illusion\n|faint|p2a: ChandeIure\n|-damage|p1a: Zapdos|53/100|[from] Recoil\n|\n|upkeep\n|\n|t:|1790432016\n|switch|p2a: Zoruark|Klefki, M|100/100\n|turn|21\n|\n|t:|1790432033\n|move|p2a: Zoruark|Reflect|p2a: Zoruark\n|-sidestart|p2: Randonimous|Reflect\n|move|p1a: Zapdos|Brave Bird|p2a: Zoruark\n|-resisted|p2a: Zoruark\n|-damage|p2a: Zoruark|75/100\n|-damage|p1a: Zapdos|37/100|[from] item: Rocky Helmet|[of] p2a: Zoruark\n|-damage|p1a: Zapdos|29/100|[from] Recoil\n|\n|upkeep\n|turn|22\n|\n|t:|1790432037\n|switch|p1a: Melmetal|Melmetal|39/100\n|move|p2a: Zoruark|Calm Mind|p2a: Zoruark\n|-boost|p2a: Zoruark|spa|1\n|-boost|p2a: Zoruark|spd|1\n|\n|-heal|p1a: Melmetal|46/100|[from] item: Leftovers\n|upkeep\n|turn|23\n|\n|t:|1790432041\n|move|p2a: Zoruark|Draining Kiss|p1a: Melmetal\n|-resisted|p1a: Melmetal\n|-damage|p1a: Melmetal|34/100\n|-heal|p2a: Zoruark|88/100|[from] drain|[of] p1a: Melmetal\n|move|p1a: Melmetal|Earthquake|p2a: Zoruark\n|-supereffective|p2a: Zoruark\n|-damage|p2a: Zoruark|39/100\n|\n|-heal|p1a: Melmetal|40/100|[from] item: Leftovers\n|upkeep\n|turn|24\n|\n|t:|1790432049\n|move|p1a: Melmetal|Protect|p1a: Melmetal\n|-singleturn|p1a: Melmetal|Protect\n|move|p2a: Zoruark|Draining Kiss|p1a: Melmetal\n|-activate|p1a: Melmetal|move: Protect\n|\n|-heal|p1a: Melmetal|46/100|[from] item: Leftovers\n|upkeep\n|turn|25\n|\n|t:|1790432054\n|move|p2a: Zoruark|Draining Kiss|p1a: Melmetal\n|-resisted|p1a: Melmetal\n|-damage|p1a: Melmetal|34/100\n|-heal|p2a: Zoruark|51/100|[from] drain|[of] p1a: Melmetal\n|move|p1a: Melmetal|Earthquake|p2a: Zoruark\n|-supereffective|p2a: Zoruark\n|-damage|p2a: Zoruark|4/100\n|\n|-heal|p1a: Melmetal|41/100|[from] item: Leftovers\n|-sideend|p2: Randonimous|Reflect\n|upkeep\n|turn|26\n|\n|t:|1790432063\n|move|p1a: Melmetal|Protect|p1a: Melmetal\n|-singleturn|p1a: Melmetal|Protect\n|move|p2a: Zoruark|Reflect|p2a: Zoruark\n|-sidestart|p2: Randonimous|Reflect\n|\n|-heal|p1a: Melmetal|47/100|[from] item: Leftovers\n|upkeep\n|turn|27\n|\n|t:|1790432071\n|move|p2a: Zoruark|Safeguard|p2a: Zoruark\n|-sidestart|p2: Randonimous|Safeguard\n|move|p1a: Melmetal|Double Iron Bash|p2a: Zoruark\n|-damage|p2a: Zoruark|0 fnt\n|-damage|p1a: Melmetal|30/100|[from] item: Rocky Helmet|[of] p2a: Zoruark\n|faint|p2a: Zoruark\n|-hitcount|p2: Zoruark|1\n|\n|-heal|p1a: Melmetal|37/100|[from] item: Leftovers\n|upkeep\n|\n|t:|1790432072\n|switch|p2a: Gemgar|Alakazam, M|100/100\n|turn|28\n|\n|t:|1790432082\n|move|p2a: Gemgar|Nasty Plot|p2a: Gemgar\n|-boost|p2a: Gemgar|spa|2\n|move|p1a: Melmetal|Double Iron Bash|p2a: Gemgar\n|-crit|p2a: Gemgar\n|-enditem|p2a: Gemgar|Focus Sash\n|-damage|p2a: Gemgar|1/100\n|-damage|p2a: Gemgar|0 fnt\n|faint|p2a: Gemgar\n|-hitcount|p2: Gemgar|2\n|\n|win|daisyx3\n|raw|daisyx3's rating: 1000 &rarr; <strong>1040</strong><br />(+40 for winning)\n|raw|Randonimous's rating: 1000 &rarr; <strong>1000</strong><br />(+0 for losing)\n|l| aoyeguanjun\n", "uploadtime": 1790432090, "views": "8", "formatid": "gen8ou", "rating": 1000, "private": 0, "password": null}