{"id": "gen8ou-2695132691", "format": "[Gen 8] OU", "players": ["Amnesia_321", "eo_lipe_poxa"], "log": "|j|\u2606Amnesia_321\n|j|\u2606eo_lipe_poxa\n|t:|1791484814\n|gametype|singles\n|player|p1|Amnesia_321|red|1000\n|player|p2|eo_lipe_poxa|guitarist-gen4|1088\n|gen|8\n|tier|[Gen 8] OU\n|rated|\n|rule|HP Percentage Mod: HP is shown in percentages\n|rule|Endless Battle Clause: Forcing endless battles is banned\n|rule|Sleep Clause Mod: Limit one foe put to sleep\n|rule|Species Clause: Limit one of each Pok\u00e9mon\n|rule|OHKO Clause: OHKO moves are banned\n|rule|Evasion Items Clause: Evasion items are banned\n|rule|Evasion Moves Clause: Evasion moves are banned\n|rule|Dynamax Clause: You cannot dynamax\n|clearpoke\n|poke|p1|Pelipper, M|\n|poke|p1|Barraskewda, M|\n|poke|p1|Seismitoad, M|\n|poke|p1|Zapdos|\n|poke|p1|Ferrothorn, M|\n|poke|p1|Urshifu-*, M|\n|poke|p2|Heatran, M|\n|poke|p2|Ditto|\n|poke|p2|Azumarill, M|\n|poke|p2|Aegislash, M|\n|poke|p2|Stakataka|\n|poke|p2|Regieleki|\n|teampreview\n|inactive|Battle timer is ON: inactive players will automatically lose when time's up. (requested by Amnesia_321)\n|\n|t:|1791484842\n|teamsize|p1|6\n|teamsize|p2|6\n|start\n|switch|p1a: Pelipper|Pelipper, M|100/100\n|switch|p2a: Aegislash|Aegislash, M|100/100\n|-weather|RainDance|[from] ability: Drizzle|[of] p1a: Pelipper\n|turn|1\n|\n|t:|1791484846\n|switch|p1a: Urshifu|Urshifu-Rapid-Strike, M|100/100\n|move|p2a: Aegislash|Swords Dance|p2a: Aegislash\n|-boost|p2a: Aegislash|atk|2\n|\n|-weather|RainDance|[upkeep]\n|upkeep\n|turn|2\n|\n|t:|1791484855\n|switch|p1a: Barraskewda|Barraskewda, M|100/100\n|move|p2a: Aegislash|King's Shield||[still]\n|-fail|p2a: Aegislash\n|\n|-weather|RainDance|[upkeep]\n|upkeep\n|turn|3\n|\n|t:|1791484862\n|switch|p1a: Pelipper|Pelipper, M|100/100\n|move|p2a: Aegislash|Swords Dance|p2a: Aegislash\n|-boost|p2a: Aegislash|atk|2\n|\n|-weather|RainDance|[upkeep]\n|upkeep\n|turn|4\n|\n|t:|1791484865\n|switch|p1a: Barraskewda|Barraskewda, M|100/100\n|-formechange|p2a: Aegislash|Aegislash-Blade||[from] ability: Stance Change\n|move|p2a: Aegislash|Sacred Sword|p1a: Barraskewda\n|-damage|p1a: Barraskewda|0 fnt\n|faint|p1a: Barraskewda\n|\n|-weather|RainDance|[upkeep]\n|upkeep\n|\n|t:|1791484866\n|switch|p1a: Urshifu|Urshifu-Rapid-Strike, M|100/100\n|turn|5\n|\n|t:|1791484871\n|switch|p1a: Pelipper|Pelipper, M|100/100\n|move|p2a: Aegislash|Sacred Sword|p1a: Pelipper\n|-resisted|p1a: Pelipper\n|-damage|p1a: Pelipper|63/100\n|\n|-weather|RainDance|[upkeep]\n|upkeep\n|turn|6\n|\n|t:|1791484875\n|switch|p1a: Urshifu|Urshifu-Rapid-Strike, M|100/100\n|move|p2a: Aegislash|Sacred Sword|p1a: Urshifu\n|-damage|p1a: Urshifu|6/100\n|\n|-weather|RainDance|[upkeep]\n|upkeep\n|turn|7\n|\n|t:|1791484880\n|switch|p1a: Pelipper|Pelipper, M|63/100\n|move|p2a: Aegislash|Shadow Sneak|p1a: Pelipper\n|-damage|p1a: Pelipper|10/100\n|\n|-weather|RainDance|[upkeep]\n|upkeep\n|turn|8\n|\n|t:|1791484888\n|switch|p1a: Seismitoad|Seismitoad, M|100/100\n|move|p2a: Aegislash|Shadow Sneak|p1a: Seismitoad\n|-damage|p1a: Seismitoad|18/100\n|\n|-weather|none\n|upkeep\n|turn|9\n|\n|t:|1791484893\n|switch|p1a: Zapdos|Zapdos|100/100\n|move|p2a: Aegislash|Shadow Sneak|p1a: Zapdos\n|-damage|p1a: Zapdos|22/100\n|\n|upkeep\n|turn|10\n|\n|t:|1791484898\n|switch|p1a: Ferrothorn|Ferrothorn, M|100/100\n|move|p2a: Aegislash|Shadow Sneak|p1a: Ferrothorn\n|-damage|p1a: Ferrothorn|61/100\n|-damage|p2a: Aegislash|88/100|[from] ability: Iron Barbs|[of] p1a: Ferrothorn\n|\n|-heal|p2a: Aegislash|94/100|[from] item: Leftovers\n|-heal|p1a: Ferrothorn|67/100|[from] item: Leftovers\n|upkeep\n|turn|11\n|\n|t:|1791484903\n|move|p2a: Aegislash|Shadow Sneak|p1a: Ferrothorn\n|-damage|p1a: Ferrothorn|28/100\n|-damage|p2a: Aegislash|82/100|[from] ability: Iron Barbs|[of] p1a: Ferrothorn\n|move|p1a: Ferrothorn|Spikes|p2a: Aegislash\n|-sidestart|p2: eo_lipe_poxa|Spikes\n|\n|-heal|p2a: Aegislash|88/100|[from] item: Leftovers\n|-heal|p1a: Ferrothorn|34/100|[from] item: Leftovers\n|upkeep\n|turn|12\n|\n|t:|1791484908\n|move|p2a: Aegislash|Shadow Sneak|p1a: Ferrothorn\n|-damage|p1a: Ferrothorn|0 fnt\n|-damage|p2a: Aegislash|76/100|[from] ability: Iron Barbs|[of] p1a: Ferrothorn\n|faint|p1a: Ferrothorn\n|\n|-heal|p2a: Aegislash|82/100|[from] item: Leftovers\n|upkeep\n|\n|t:|1791484908\n|switch|p1a: Zapdos|Zapdos|22/100\n|turn|13\n|\n|t:|1791484912\n|switch|p1a: Seismitoad|Seismitoad, M|18/100\n|move|p2a: Aegislash|Shadow Sneak|p1a: Seismitoad\n|-damage|p1a: Seismitoad|0 fnt\n|faint|p1a: Seismitoad\n|\n|-heal|p2a: Aegislash|88/100|[from] item: Leftovers\n|upkeep\n|\n|t:|1791484912\n|switch|p1a: Zapdos|Zapdos|22/100\n|turn|14\n|\n|t:|1791484918\n|switch|p1a: Pelipper|Pelipper, M|10/100\n|-weather|RainDance|[from] ability: Drizzle|[of] p1a: Pelipper\n|move|p2a: Aegislash|Shadow Sneak|p1a: Pelipper\n|-damage|p1a: Pelipper|0 fnt\n|faint|p1a: Pelipper\n|\n|-weather|RainDance|[upkeep]\n|-heal|p2a: Aegislash|94/100|[from] item: Leftovers\n|upkeep\n|\n|t:|1791484918\n|switch|p1a: Zapdos|Zapdos|22/100\n|turn|15\n|\n|t:|1791484926\n|switch|p1a: Urshifu|Urshifu-Rapid-Strike, M|6/100\n|move|p2a: Aegislash|Shadow Sneak|p1a: Urshifu\n|-damage|p1a: Urshifu|0 fnt\n|faint|p1a: Urshifu\n|\n|-weather|RainDance|[upkeep]\n|-heal|p2a: Aegislash|100/100|[from] item: Leftovers\n|upkeep\n|\n|t:|1791484927\n|switch|p1a: Zapdos|Zapdos|22/100\n|turn|16\n|\n|t:|1791484933\n|move|p1a: Zapdos|Roost|p1a: Zapdos\n|-heal|p1a: Zapdos|72/100\n|-singleturn|p1a: Zapdos|move: Roost\n|move|p2a: Aegislash|Sacred Sword|p1a: Zapdos\n|-crit|p1a: Zapdos\n|-damage|p1a: Zapdos|0 fnt\n|faint|p1a: Zapdos\n|\n|win|eo_lipe_poxa\n|raw|Amnesia_321's rating: 1000 &rarr; <strong>1000</strong><br />(+0 for losing)\n|raw|eo_lipe_poxa's rating: 1088 &rarr; <strong>1108</strong><br />(+20 for winning)\n", "uploadtime": 1791484814, "views": "0", "formatid": "gen8ou", "rating": 1000, "private": 0, "password": null}