{"id": "gen8ou-2691294454", "format": "[Gen 8] OU", "players": ["Gold D Joseph", "CranberryHabits"], "log": "|j|\u2606Gold D Joseph\n|j|\u2606CranberryHabits\n|t:|1790892688\n|gametype|singles\n|player|p1|Gold D Joseph|palmer|1182\n|player|p2|CranberryHabits|parasollady|1061\n|gen|8\n|tier|[Gen 8] OU\n|rated|\n|rule|HP Percentage Mod: HP is shown in percentages\n|rule|Endless Battle Clause: Forcing endless battles is banned\n|rule|Sleep Clause Mod: Limit one foe put to sleep\n|rule|Species Clause: Limit one of each Pok\u00e9mon\n|rule|OHKO Clause: OHKO moves are banned\n|rule|Evasion Items Clause: Evasion items are banned\n|rule|Evasion Moves Clause: Evasion moves are banned\n|rule|Dynamax Clause: You cannot dynamax\n|clearpoke\n|poke|p1|Dragonite, M|\n|poke|p1|Gengar, M|\n|poke|p1|Suicune|\n|poke|p1|Entei|\n|poke|p1|Snorlax, M|\n|poke|p1|Conkeldurr, M|\n|poke|p2|Ribombee, F|\n|poke|p2|Tapu Bulu|\n|poke|p2|Urshifu-*, F|\n|poke|p2|Obstagoon, M|\n|poke|p2|Mr. Rime, F|\n|poke|p2|Dragapult, F|\n|teampreview\n|c|\u2606Gold D Joseph|enjoy\n|inactive|Battle timer is ON: inactive players will automatically lose when time's up. (requested by Gold D Joseph)\n|c|\u2606CranberryHabits|Let's both\n|j| GruesomeLovelies\n|\n|t:|1790892708\n|teamsize|p1|6\n|teamsize|p2|6\n|start\n|switch|p1a: Entei|Entei|100/100\n|switch|p2a: Ribombee|Ribombee, F|100/100\n|turn|1\n|\n|t:|1790892716\n|move|p2a: Ribombee|Sticky Web|p1a: Entei\n|-sidestart|p1: Gold D Joseph|move: Sticky Web\n|move|p1a: Entei|Sacred Fire|p2a: Ribombee\n|-supereffective|p2a: Ribombee\n|-enditem|p2a: Ribombee|Focus Sash\n|-damage|p2a: Ribombee|1/100\n|\n|upkeep\n|turn|2\n|\n|t:|1790892724\n|move|p1a: Entei|Extreme Speed|p2a: Ribombee\n|-damage|p2a: Ribombee|0 fnt\n|faint|p2a: Ribombee\n|\n|upkeep\n|\n|t:|1790892732\n|switch|p2a: Urshifu|Urshifu-Rapid-Strike, F|100/100\n|turn|3\n|\n|t:|1790892736\n|switch|p1a: Suicune|Suicune|100/100\n|-activate|p1a: Suicune|move: Sticky Web\n|-unboost|p1a: Suicune|spe|1\n|-ability|p1a: Suicune|Pressure\n|move|p2a: Urshifu|Bulk Up|p2a: Urshifu\n|-boost|p2a: Urshifu|atk|1\n|-boost|p2a: Urshifu|def|1\n|\n|upkeep\n|turn|4\n|\n|t:|1790892747\n|move|p2a: Urshifu|Drain Punch|p1a: Suicune\n|-damage|p1a: Suicune|57/100\n|move|p1a: Suicune|Scald|p2a: Urshifu\n|-resisted|p2a: Urshifu\n|-damage|p2a: Urshifu|75/100\n|\n|upkeep\n|turn|5\n|\n|t:|1790892755\n|move|p2a: Urshifu|Drain Punch|p1a: Suicune\n|-damage|p1a: Suicune|18/100\n|-heal|p2a: Urshifu|95/100|[from] drain|[of] p1a: Suicune\n|move|p1a: Suicune|Scald|p2a: Urshifu\n|-resisted|p2a: Urshifu\n|-damage|p2a: Urshifu|70/100\n|\n|upkeep\n|turn|6\n|\n|t:|1790892763\n|move|p2a: Urshifu|Drain Punch|p1a: Suicune\n|-damage|p1a: Suicune|0 fnt\n|-heal|p2a: Urshifu|79/100|[from] drain|[of] p1a: Suicune\n|faint|p1a: Suicune\n|\n|upkeep\n|\n|t:|1790892769\n|switch|p1a: Snorlax|Snorlax, M|100/100\n|-activate|p1a: Snorlax|move: Sticky Web\n|-unboost|p1a: Snorlax|spe|1\n|turn|7\n|\n|t:|1790892784\n|move|p2a: Urshifu|Drain Punch|p1a: Snorlax\n|-supereffective|p1a: Snorlax\n|-enditem|p1a: Snorlax|Chople Berry|[eat]\n|-enditem|p1a: Snorlax|Chople Berry|[weaken]\n|-damage|p1a: Snorlax|59/100\n|-heal|p2a: Urshifu|100/100|[from] drain|[of] p1a: Snorlax\n|move|p1a: Snorlax|Counter|p2a: Urshifu\n|-damage|p2a: Urshifu|0 fnt\n|faint|p2a: Urshifu\n|\n|upkeep\n|\n|t:|1790892793\n|switch|p2a: Dragapult|Dragapult, F|100/100\n|turn|8\n|\n|t:|1790892798\n|move|p2a: Dragapult|Dragon Dance|p2a: Dragapult\n|-boost|p2a: Dragapult|atk|1\n|-boost|p2a: Dragapult|spe|1\n|move|p1a: Snorlax|Heat Crash|p2a: Dragapult\n|-resisted|p2a: Dragapult\n|-damage|p2a: Dragapult|72/100\n|\n|-heal|p2a: Dragapult|78/100|[from] item: Leftovers\n|upkeep\n|turn|9\n|\n|t:|1790892809\n|move|p2a: Dragapult|Dragon Dance|p2a: Dragapult\n|-boost|p2a: Dragapult|atk|1\n|-boost|p2a: Dragapult|spe|1\n|move|p1a: Snorlax|Heat Crash|p2a: Dragapult\n|-resisted|p2a: Dragapult\n|-damage|p2a: Dragapult|49/100\n|\n|-heal|p2a: Dragapult|55/100|[from] item: Leftovers\n|upkeep\n|turn|10\n|\n|t:|1790892818\n|move|p2a: Dragapult|Dragon Darts|p1a: Snorlax\n|-damage|p1a: Snorlax|16/100\n|-anim|p2a: Dragapult|Dragon Darts|p1a: Snorlax\n|-damage|p1a: Snorlax|0 fnt\n|faint|p1a: Snorlax\n|\n|-heal|p2a: Dragapult|61/100|[from] item: Leftovers\n|upkeep\n|\n|t:|1790892825\n|switch|p1a: Gengar|Gengar, M|100/100\n|-activate|p1a: Gengar|move: Sticky Web\n|-unboost|p1a: Gengar|spe|1\n|turn|11\n|\n|t:|1790892829\n|move|p2a: Dragapult|Dragon Darts|p1a: Gengar\n|-enditem|p1a: Gengar|Focus Sash\n|-damage|p1a: Gengar|1/100\n|-anim|p2a: Dragapult|Dragon Darts|p1a: Gengar\n|-damage|p1a: Gengar|0 fnt\n|-start|p2a: Dragapult|Disable|Dragon Darts|[from] ability: Cursed Body|[of] p1a: Gengar\n|faint|p1a: Gengar\n|\n|-heal|p2a: Dragapult|67/100|[from] item: Leftovers\n|upkeep\n|\n|t:|1790892838\n|switch|p1a: Conkeldurr|Conkeldurr, M|100/100\n|-activate|p1a: Conkeldurr|move: Sticky Web\n|-unboost|p1a: Conkeldurr|spe|1\n|turn|12\n|\n|t:|1790892847\n|move|p2a: Dragapult|Phantom Force||[still]\n|-prepare|p2a: Dragapult|Phantom Force\n|move|p1a: Conkeldurr|Knock Off|p2a: Dragapult|[miss]\n|-miss|p1a: Conkeldurr|p2a: Dragapult\n|\n|-heal|p2a: Dragapult|73/100|[from] item: Leftovers\n|upkeep\n|turn|13\n|\n|t:|1790892853\n|move|p2a: Dragapult|Phantom Force|p1a: Conkeldurr|[from] lockedmove\n|-damage|p1a: Conkeldurr|3/100\n|move|p1a: Conkeldurr|Knock Off|p2a: Dragapult\n|-supereffective|p2a: Dragapult\n|-damage|p2a: Dragapult|0 fnt\n|-enditem|p2a: Dragapult|Leftovers|[from] move: Knock Off|[of] p1a: Conkeldurr\n|faint|p2a: Dragapult\n|\n|upkeep\n|\n|t:|1790892865\n|switch|p2a: Tapu Bulu|Tapu Bulu|100/100\n|-fieldstart|move: Grassy Terrain|[from] ability: Grassy Surge|[of] p2a: Tapu Bulu\n|turn|14\n|\n|t:|1790892870\n|move|p2a: Tapu Bulu|Swords Dance|p2a: Tapu Bulu\n|-boost|p2a: Tapu Bulu|atk|2\n|move|p1a: Conkeldurr|Poison Jab|p2a: Tapu Bulu\n|-supereffective|p2a: Tapu Bulu\n|-damage|p2a: Tapu Bulu|0 fnt\n|faint|p2a: Tapu Bulu\n|\n|-heal|p1a: Conkeldurr|9/100|[from] Grassy Terrain\n|upkeep\n|\n|t:|1790892879\n|switch|p2a: Mr. Rime|Mr. Rime, F|100/100\n|turn|15\n|\n|t:|1790892885\n|move|p2a: Mr. Rime|Shadow Ball|p1a: Conkeldurr\n|-damage|p1a: Conkeldurr|0 fnt\n|faint|p1a: Conkeldurr\n|\n|upkeep\n|\n|t:|1790892889\n|switch|p1a: Entei|Entei|100/100\n|turn|16\n|\n|t:|1790892894\n|switch|p2a: Obstagoon|Obstagoon, M|100/100\n|move|p1a: Entei|Sacred Fire|p2a: Obstagoon\n|-damage|p2a: Obstagoon|44/100\n|\n|-heal|p2a: Obstagoon|50/100|[from] Grassy Terrain\n|-status|p2a: Obstagoon|brn|[from] item: Flame Orb\n|upkeep\n|turn|17\n|\n|t:|1790892906\n|switch|p1a: Dragonite|Dragonite, M|100/100\n|move|p2a: Obstagoon|Cross Chop|p1a: Dragonite|[miss]\n|-miss|p2a: Obstagoon|p1a: Dragonite\n|\n|-heal|p2a: Obstagoon|56/100 brn|[from] Grassy Terrain\n|-damage|p2a: Obstagoon|50/100 brn|[from] brn\n|upkeep\n|turn|18\n|\n|t:|1790892918\n|move|p2a: Obstagoon|Facade|p1a: Dragonite\n|-damage|p1a: Dragonite|62/100\n|move|p1a: Dragonite|Power-Up Punch|p2a: Obstagoon\n|-supereffective|p2a: Obstagoon\n|-damage|p2a: Obstagoon|0 fnt\n|-boost|p1a: Dragonite|atk|1\n|faint|p2a: Obstagoon\n|\n|-fieldend|move: Grassy Terrain\n|upkeep\n|\n|t:|1790892927\n|switch|p2a: Mr. Rime|Mr. Rime, F|100/100\n|turn|19\n|\n|t:|1790892931\n|move|p1a: Dragonite|Extreme Speed|p2a: Mr. Rime\n|-damage|p2a: Mr. Rime|43/100\n|move|p2a: Mr. Rime|Freeze-Dry|p1a: Dragonite\n|-supereffective|p1a: Dragonite\n|-damage|p1a: Dragonite|0 fnt\n|faint|p1a: Dragonite\n|\n|upkeep\n|\n|t:|1790892938\n|switch|p1a: Entei|Entei|100/100\n|turn|20\n|\n|t:|1790892943\n|move|p1a: Entei|Crunch|p2a: Mr. Rime\n|-supereffective|p2a: Mr. Rime\n|-damage|p2a: Mr. Rime|0 fnt\n|faint|p2a: Mr. Rime\n|\n|win|Gold D Joseph\n|raw|Gold D Joseph's rating: 1182 &rarr; <strong>1199</strong><br />(+17 for winning)\n|raw|CranberryHabits's rating: 1061 &rarr; <strong>1048</strong><br />(-13 for losing)\n|c|\u2606CranberryHabits|gg\n", "uploadtime": 1790892948, "views": "6", "formatid": "gen8ou", "rating": 1048, "private": 0, "password": null}