{"id": "gen8ou-2690837126", "format": "[Gen 8] OU", "players": ["rnd0mnme", "DerEchteGott20010"], "log": "|j|\u2606rnd0mnme\n|j|\u2606DerEchteGott20010\n|t:|1790829708\n|gametype|singles\n|player|p1|rnd0mnme|pokemonbreederf-gen3frlg|\n|player|p2|DerEchteGott20010|volkner|\n|gen|8\n|tier|[Gen 8] OU\n|rated|Tournament battle\n|rule|HP Percentage Mod: HP is shown in percentages\n|rule|Endless Battle Clause: Forcing endless battles is banned\n|rule|Sleep Clause Mod: Limit one foe put to sleep\n|rule|Species Clause: Limit one of each Pok\u00e9mon\n|rule|OHKO Clause: OHKO moves are banned\n|rule|Evasion Items Clause: Evasion items are banned\n|rule|Evasion Moves Clause: Evasion moves are banned\n|rule|Dynamax Clause: You cannot dynamax\n|clearpoke\n|poke|p1|Dragapult, M|\n|poke|p1|Ferrothorn, M|\n|poke|p1|Urshifu-*, F|\n|poke|p1|Landorus-Therian, M|\n|poke|p1|Clefable, F|\n|poke|p1|Melmetal|\n|poke|p2|Hippowdon, F|\n|poke|p2|Aegislash, M|\n|poke|p2|Toxapex, M|\n|poke|p2|Suicune|\n|poke|p2|Tornadus-Therian, M|\n|poke|p2|Clefable, F|\n|teampreview\n|inactive|Battle timer is ON: inactive players will automatically lose when time's up. (requested by rnd0mnme)\n|c|\u2606rnd0mnme|glhf!\n|\n|t:|1790829724\n|teamsize|p1|6\n|teamsize|p2|6\n|start\n|switch|p1a: Ferrothorn|Ferrothorn, M|100/100\n|switch|p2a: Hippowdon|Hippowdon, F|100/100\n|-weather|Sandstorm|[from] ability: Sand Stream|[of] p2a: Hippowdon\n|turn|1\n|\n|t:|1790829750\n|move|p2a: Hippowdon|Stealth Rock|p1a: Ferrothorn\n|-sidestart|p1: rnd0mnme|move: Stealth Rock\n|move|p1a: Ferrothorn|Spikes|p2a: Hippowdon\n|-sidestart|p2: DerEchteGott20010|Spikes\n|\n|-weather|Sandstorm|[upkeep]\n|upkeep\n|turn|2\n|inactive|DerEchteGott20010 has 120 seconds left.\n|\n|t:|1790829775\n|switch|p2a: Tornadus|Tornadus-Therian, M|100/100\n|move|p1a: Ferrothorn|Leech Seed|p2a: Tornadus\n|-start|p2a: Tornadus|move: Leech Seed\n|\n|-weather|Sandstorm|[upkeep]\n|-damage|p2a: Tornadus|94/100|[from] Sandstorm\n|-damage|p2a: Tornadus|82/100|[from] Leech Seed|[of] p1a: Ferrothorn\n|upkeep\n|turn|3\n|inactive|DerEchteGott20010 has 120 seconds left.\n|\n|t:|1790829798\n|move|p2a: Tornadus|Heat Wave|p1a: Ferrothorn\n|-supereffective|p1a: Ferrothorn\n|-damage|p1a: Ferrothorn|23/100\n|-status|p1a: Ferrothorn|brn\n|move|p1a: Ferrothorn|Thunder Wave|p2a: Tornadus\n|-status|p2a: Tornadus|par\n|\n|-weather|Sandstorm|[upkeep]\n|-damage|p2a: Tornadus|76/100 par|[from] Sandstorm\n|-heal|p1a: Ferrothorn|29/100 brn|[from] item: Leftovers\n|-damage|p2a: Tornadus|63/100 par|[from] Leech Seed|[of] p1a: Ferrothorn\n|-heal|p1a: Ferrothorn|42/100 brn|[silent]\n|-damage|p1a: Ferrothorn|36/100 brn|[from] brn\n|upkeep\n|turn|4\n|\n|t:|1790829814\n|switch|p1a: Clefable|Clefable, F|100/100\n|move|p2a: Tornadus|Heat Wave|p1a: Clefable\n|-damage|p1a: Clefable|80/100\n|\n|-weather|Sandstorm|[upkeep]\n|-damage|p2a: Tornadus|57/100 par|[from] Sandstorm\n|-heal|p1a: Clefable|86/100|[from] item: Leftovers\n|-damage|p2a: Tornadus|45/100 par|[from] Leech Seed|[of] p1a: Clefable\n|-heal|p1a: Clefable|97/100|[silent]\n|upkeep\n|turn|5\n|\n|t:|1790829832\n|move|p2a: Tornadus|U-turn|p1a: Clefable\n|-resisted|p1a: Clefable\n|-damage|p1a: Clefable|92/100\n|\n|t:|1790829844\n|switch|p2a: Toxapex|Toxapex, M|100/100|[from] U-turn\n|-damage|p2a: Toxapex|88/100|[from] Spikes\n|move|p1a: Clefable|Thunder Wave|p2a: Toxapex\n|-status|p2a: Toxapex|par\n|\n|-weather|none\n|-heal|p1a: Clefable|98/100|[from] item: Leftovers\n|upkeep\n|turn|6\n|inactive|DerEchteGott20010 has 90 seconds left.\n|\n|t:|1790829866\n|move|p1a: Clefable|Stealth Rock|p2a: Toxapex\n|-sidestart|p2: DerEchteGott20010|move: Stealth Rock\n|move|p2a: Toxapex|Toxic Spikes|p1a: Clefable\n|-sidestart|p1: rnd0mnme|move: Toxic Spikes\n|\n|-heal|p1a: Clefable|100/100|[from] item: Leftovers\n|upkeep\n|turn|7\n|inactive|DerEchteGott20010 has 90 seconds left.\n|\n|t:|1790829884\n|switch|p1a: Melmetal|Melmetal|100/100\n|-damage|p1a: Melmetal|94/100|[from] Stealth Rock\n|move|p2a: Toxapex|Toxic Spikes|p1a: Melmetal\n|-sidestart|p1: rnd0mnme|move: Toxic Spikes\n|\n|-heal|p1a: Melmetal|100/100|[from] item: Leftovers\n|upkeep\n|turn|8\n|inactive|DerEchteGott20010 has 90 seconds left.\n|\n|t:|1790829908\n|move|p1a: Melmetal|Earthquake|p2a: Toxapex\n|-supereffective|p2a: Toxapex\n|-damage|p2a: Toxapex|20/100 par\n|move|p2a: Toxapex|Knock Off|p1a: Melmetal\n|-damage|p1a: Melmetal|92/100\n|-enditem|p1a: Melmetal|Leftovers|[from] move: Knock Off|[of] p2a: Toxapex\n|\n|upkeep\n|turn|9\n|\n|t:|1790829922\n|switch|p2a: Tornadus|Tornadus-Therian, M|78/100 par\n|move|p1a: Melmetal|Double Iron Bash|p2a: Tornadus\n|-damage|p2a: Tornadus|35/100 par\n|-damage|p2a: Tornadus|0 fnt\n|faint|p2a: Tornadus\n|-hitcount|p2: Tornadus|2\n|\n|upkeep\n|inactive|DerEchteGott20010 has 60 seconds left.\n|\n|t:|1790829952\n|switch|p2a: Hippowdon|Hippowdon, F|100/100\n|-damage|p2a: Hippowdon|88/100|[from] Spikes\n|-damage|p2a: Hippowdon|82/100|[from] Stealth Rock\n|-weather|Sandstorm|[from] ability: Sand Stream|[of] p2a: Hippowdon\n|turn|10\n|inactive|DerEchteGott20010 has 60 seconds left.\n|\n|t:|1790829965\n|switch|p1a: Clefable|Clefable, F|100/100\n|-status|p1a: Clefable|tox\n|move|p2a: Hippowdon|Earthquake|p1a: Clefable\n|-damage|p1a: Clefable|73/100 tox\n|\n|-weather|Sandstorm|[upkeep]\n|-heal|p1a: Clefable|79/100 tox|[from] item: Leftovers\n|-heal|p2a: Hippowdon|88/100|[from] item: Leftovers\n|upkeep\n|turn|11\n|inactive|DerEchteGott20010 has 60 seconds left.\n|\n|t:|1790829986\n|switch|p1a: Landorus|Landorus-Therian, M|100/100\n|-damage|p1a: Landorus|88/100|[from] Stealth Rock\n|-ability|p1a: Landorus|Intimidate|boost\n|-unboost|p2a: Hippowdon|atk|1\n|move|p2a: Hippowdon|Toxic|p1a: Landorus\n|-status|p1a: Landorus|tox\n|\n|-weather|Sandstorm|[upkeep]\n|-heal|p1a: Landorus|94/100 tox|[from] item: Leftovers\n|-heal|p2a: Hippowdon|94/100|[from] item: Leftovers\n|-damage|p1a: Landorus|88/100 tox|[from] psn\n|upkeep\n|turn|12\n|inactive|DerEchteGott20010 has 30 seconds left.\n|inactive|DerEchteGott20010 has 20 seconds left.\n|inactive|DerEchteGott20010 has 15 seconds left.\n|\n|t:|1790830026\n|switch|p2a: Toxapex|Toxapex, M|53/100 par\n|-damage|p2a: Toxapex|41/100 par|[from] Spikes\n|-damage|p2a: Toxapex|28/100 par|[from] Stealth Rock\n|move|p1a: Landorus|Defog|p2a: Toxapex\n|-unboost|p2a: Toxapex|evasion|1\n|-sideend|p2: DerEchteGott20010|Spikes|[from] move: Defog|[of] p1a: Landorus\n|-sideend|p2: DerEchteGott20010|Stealth Rock|[from] move: Defog|[of] p1a: Landorus\n|-sideend|p1: rnd0mnme|Toxic Spikes|[from] move: Defog|[of] p1a: Landorus\n|-sideend|p1: rnd0mnme|Stealth Rock|[from] move: Defog|[of] p1a: Landorus\n|\n|-weather|Sandstorm|[upkeep]\n|-damage|p2a: Toxapex|22/100 par|[from] Sandstorm\n|-heal|p1a: Landorus|94/100 tox|[from] item: Leftovers\n|-damage|p1a: Landorus|82/100 tox|[from] psn\n|upkeep\n|turn|13\n|inactive|DerEchteGott20010 has 25 seconds left this turn.\n|inactive|DerEchteGott20010 has 20 seconds left.\n|inactive|DerEchteGott20010 has 15 seconds left.\n|inactive|DerEchteGott20010 has 10 seconds left.\n|inactive|DerEchteGott20010 has 5 seconds left.\n|j| igiveuponaname\n|\n|t:|1790830049\n|move|p1a: Landorus|U-turn|p2a: Toxapex\n|-resisted|p2a: Toxapex\n|-damage|p2a: Toxapex|13/100 par\n|\n|t:|1790830051\n|switch|p1a: Clefable|Clefable, F|79/100 tox|[from] U-turn\n|cant|p2a: Toxapex|par\n|\n|-weather|Sandstorm|[upkeep]\n|-damage|p2a: Toxapex|7/100 par|[from] Sandstorm\n|-heal|p1a: Clefable|85/100 tox|[from] item: Leftovers\n|upkeep\n|turn|14\n|inactive|DerEchteGott20010 has 20 seconds left this turn.\n|inactive|DerEchteGott20010 has 15 seconds left.\n|inactive|DerEchteGott20010 has 10 seconds left.\n|\n|t:|1790830063\n|switch|p2a: Aegislash|Aegislash, M|100/100\n|move|p1a: Clefable|Moonblast|p2a: Aegislash\n|-resisted|p2a: Aegislash\n|-damage|p2a: Aegislash|88/100\n|\n|-weather|none\n|-heal|p2a: Aegislash|95/100|[from] item: Leftovers\n|-heal|p1a: Clefable|91/100 tox|[from] item: Leftovers\n|upkeep\n|turn|15\n|inactive|DerEchteGott20010 has 20 seconds left this turn.\n|inactive|DerEchteGott20010 has 15 seconds left.\n|inactive|DerEchteGott20010 has 10 seconds left.\n|\n|t:|1790830088\n|move|p2a: Aegislash|Substitute|p2a: Aegislash\n|-start|p2a: Aegislash|Substitute\n|-damage|p2a: Aegislash|70/100\n|move|p1a: Clefable|Thunder Wave||[still]\n|-fail|p1a: Clefable\n|\n|-heal|p2a: Aegislash|76/100|[from] item: Leftovers\n|-heal|p1a: Clefable|97/100 tox|[from] item: Leftovers\n|upkeep\n|turn|16\n|inactive|DerEchteGott20010 has 20 seconds left this turn.\n|inactive|DerEchteGott20010 has 15 seconds left.\n|\n|t:|1790830097\n|switch|p1a: Urshifu|Urshifu-Rapid-Strike, F|100/100\n|-formechange|p2a: Aegislash|Aegislash-Blade||[from] ability: Stance Change\n|move|p2a: Aegislash|Flash Cannon|p1a: Urshifu\n|-resisted|p1a: Urshifu\n|-damage|p1a: Urshifu|67/100\n|\n|-heal|p2a: Aegislash|82/100|[from] item: Leftovers\n|upkeep\n|turn|17\n|inactive|DerEchteGott20010 has 25 seconds left this turn.\n|inactive|DerEchteGott20010 has 20 seconds left.\n|inactive|DerEchteGott20010 has 15 seconds left.\n|\n|t:|1790830112\n|-formechange|p2a: Aegislash|Aegislash||[from] ability: Stance Change\n|move|p2a: Aegislash|King's Shield|p2a: Aegislash\n|-singleturn|p2a: Aegislash|Protect\n|move|p1a: Urshifu|Surging Strikes|p2a: Aegislash\n|-crit|p2a: Aegislash\n|-activate|p2a: Aegislash|move: Substitute|[damage]\n|-crit|p2a: Aegislash\n|-end|p2a: Aegislash|Substitute\n|-crit|p2a: Aegislash\n|-damage|p2a: Aegislash|68/100\n|-hitcount|p2a: Aegislash|3\n|\n|-heal|p2a: Aegislash|74/100|[from] item: Leftovers\n|upkeep\n|turn|18\n|inactive|DerEchteGott20010 has 25 seconds left this turn.\n|inactive|DerEchteGott20010 has 20 seconds left.\n|inactive|DerEchteGott20010 has 15 seconds left.\n|inactive|DerEchteGott20010 has 10 seconds left.\n|\n|t:|1790830129\n|switch|p1a: Ferrothorn|Ferrothorn, M|36/100 brn\n|-formechange|p2a: Aegislash|Aegislash-Blade||[from] ability: Stance Change\n|move|p2a: Aegislash|Shadow Ball|p1a: Ferrothorn\n|-damage|p1a: Ferrothorn|0 fnt\n|faint|p1a: Ferrothorn\n|\n|-heal|p2a: Aegislash|80/100|[from] item: Leftovers\n|upkeep\n|\n|t:|1790830142\n|switch|p1a: Dragapult|Dragapult, M|100/100\n|turn|19\n|inactive|DerEchteGott20010 has 25 seconds left this turn.\n|l| igiveuponaname\n|inactive|DerEchteGott20010 has 20 seconds left.\n|\n|t:|1790830147\n|-formechange|p2a: Aegislash|Aegislash||[from] ability: Stance Change\n|move|p2a: Aegislash|King's Shield|p2a: Aegislash\n|-singleturn|p2a: Aegislash|Protect\n|move|p1a: Dragapult|U-turn|p2a: Aegislash\n|-activate|p2a: Aegislash|move: Protect\n|-unboost|p1a: Dragapult|atk|1\n|\n|-heal|p2a: Aegislash|86/100|[from] item: Leftovers\n|upkeep\n|turn|20\n|inactive|DerEchteGott20010 has 30 seconds left this turn.\n|inactive|DerEchteGott20010 has 20 seconds left.\n|\n|t:|1790830159\n|switch|p1a: Clefable|Clefable, F|97/100 tox\n|-formechange|p2a: Aegislash|Aegislash-Blade||[from] ability: Stance Change\n|move|p2a: Aegislash|Shadow Ball|p1a: Clefable\n|-damage|p1a: Clefable|52/100 tox\n|\n|-heal|p2a: Aegislash|92/100|[from] item: Leftovers\n|-heal|p1a: Clefable|58/100 tox|[from] item: Leftovers\n|upkeep\n|turn|21\n|inactive|DerEchteGott20010 has 30 seconds left this turn.\n|inactive|DerEchteGott20010 has 20 seconds left.\n|\n|t:|1790830172\n|switch|p1a: Urshifu|Urshifu-Rapid-Strike, F|67/100\n|-formechange|p2a: Aegislash|Aegislash||[from] ability: Stance Change\n|move|p2a: Aegislash|King's Shield||[still]\n|-fail|p2a: Aegislash\n|\n|-heal|p2a: Aegislash|99/100|[from] item: Leftovers\n|upkeep\n|turn|22\n|inactive|DerEchteGott20010 has 30 seconds left this turn.\n|inactive|DerEchteGott20010 has 20 seconds left.\n|inactive|DerEchteGott20010 has 15 seconds left.\n|\n|t:|1790830187\n|move|p1a: Urshifu|Surging Strikes|p2a: Aegislash\n|-crit|p2a: Aegislash\n|-damage|p2a: Aegislash|83/100\n|-crit|p2a: Aegislash\n|-damage|p2a: Aegislash|68/100\n|-crit|p2a: Aegislash\n|-damage|p2a: Aegislash|52/100\n|-hitcount|p2a: Aegislash|3\n|-formechange|p2a: Aegislash|Aegislash-Blade||[from] ability: Stance Change\n|move|p2a: Aegislash|Shadow Ball|p1a: Urshifu\n|-damage|p1a: Urshifu|3/100\n|\n|-heal|p2a: Aegislash|59/100|[from] item: Leftovers\n|upkeep\n|turn|23\n|inactive|DerEchteGott20010 has 25 seconds left this turn.\n|inactive|DerEchteGott20010 has 20 seconds left.\n|inactive|DerEchteGott20010 has 15 seconds left.\n|\n|t:|1790830201\n|switch|p1a: Dragapult|Dragapult, M|100/100\n|-formechange|p2a: Aegislash|Aegislash||[from] ability: Stance Change\n|move|p2a: Aegislash|King's Shield||[still]\n|-fail|p2a: Aegislash\n|\n|-heal|p2a: Aegislash|65/100|[from] item: Leftovers\n|upkeep\n|turn|24\n|inactive|DerEchteGott20010 has 25 seconds left this turn.\n|inactive|DerEchteGott20010 has 20 seconds left.\n|\n|t:|1790830208\n|move|p1a: Dragapult|Hex|p2a: Aegislash\n|-supereffective|p2a: Aegislash\n|-damage|p2a: Aegislash|3/100\n|-formechange|p2a: Aegislash|Aegislash-Blade||[from] ability: Stance Change\n|move|p2a: Aegislash|Shadow Ball|p1a: Dragapult\n|-supereffective|p1a: Dragapult\n|-damage|p1a: Dragapult|0 fnt\n|faint|p1a: Dragapult\n|\n|-heal|p2a: Aegislash|9/100|[from] item: Leftovers\n|upkeep\n|\n|t:|1790830213\n|switch|p1a: Urshifu|Urshifu-Rapid-Strike, F|3/100\n|turn|25\n|inactive|DerEchteGott20010 has 30 seconds left.\n|\n|t:|1790830219\n|-formechange|p2a: Aegislash|Aegislash||[from] ability: Stance Change\n|move|p2a: Aegislash|King's Shield|p2a: Aegislash\n|-singleturn|p2a: Aegislash|Protect\n|move|p1a: Urshifu|Surging Strikes|p2a: Aegislash\n|-crit|p2a: Aegislash\n|-damage|p2a: Aegislash|0 fnt\n|faint|p2a: Aegislash\n|-hitcount|p2: Aegislash|1\n|\n|upkeep\n|inactive|DerEchteGott20010 has 30 seconds left.\n|\n|t:|1790830231\n|switch|p2a: Hippowdon|Hippowdon, F|94/100\n|-weather|Sandstorm|[from] ability: Sand Stream|[of] p2a: Hippowdon\n|turn|26\n|inactive|DerEchteGott20010 has 30 seconds left.\n|\n|t:|1790830241\n|switch|p2a: Toxapex|Toxapex, M|40/100 par\n|move|p1a: Urshifu|Surging Strikes|p2a: Toxapex\n|-resisted|p2a: Toxapex\n|-crit|p2a: Toxapex\n|-damage|p2a: Toxapex|32/100 par\n|-resisted|p2a: Toxapex\n|-crit|p2a: Toxapex\n|-damage|p2a: Toxapex|25/100 par\n|-resisted|p2a: Toxapex\n|-crit|p2a: Toxapex\n|-damage|p2a: Toxapex|17/100 par\n|-hitcount|p2a: Toxapex|3\n|\n|-weather|Sandstorm|[upkeep]\n|-damage|p1a: Urshifu|0 fnt|[from] Sandstorm\n|-damage|p2a: Toxapex|10/100 par|[from] Sandstorm\n|faint|p1a: Urshifu\n|upkeep\n|\n|t:|1790830244\n|switch|p1a: Landorus|Landorus-Therian, M|82/100 tox\n|-ability|p1a: Landorus|Intimidate|boost\n|-unboost|p2a: Toxapex|atk|1\n|turn|27\n|\n|t:|1790830257\n|move|p1a: Landorus|Earthquake|p2a: Toxapex\n|-supereffective|p2a: Toxapex\n|-damage|p2a: Toxapex|0 fnt\n|faint|p2a: Toxapex\n|\n|-weather|Sandstorm|[upkeep]\n|-heal|p1a: Landorus|88/100 tox|[from] item: Leftovers\n|-damage|p1a: Landorus|82/100 tox|[from] psn\n|upkeep\n|inactive|DerEchteGott20010 has 30 seconds left.\n|\n|t:|1790830270\n|switch|p2a: Suicune|Suicune|100/100\n|-ability|p2a: Suicune|Pressure\n|turn|28\n|\n|t:|1790830275\n|move|p2a: Suicune|Substitute|p2a: Suicune\n|-start|p2a: Suicune|Substitute\n|-damage|p2a: Suicune|75/100\n|move|p1a: Landorus|Knock Off|p2a: Suicune\n|-activate|p2a: Suicune|move: Substitute|[damage]\n|\n|-weather|Sandstorm|[upkeep]\n|-damage|p2a: Suicune|69/100|[from] Sandstorm\n|-heal|p2a: Suicune|75/100|[from] item: Leftovers\n|-heal|p1a: Landorus|88/100 tox|[from] item: Leftovers\n|-damage|p1a: Landorus|76/100 tox|[from] psn\n|upkeep\n|turn|29\n|\n|t:|1790830282\n|move|p2a: Suicune|Scald|p1a: Landorus\n|-supereffective|p1a: Landorus\n|-damage|p1a: Landorus|40/100 tox\n|move|p1a: Landorus|Earthquake|p2a: Suicune\n|-end|p2a: Suicune|Substitute\n|\n|-weather|Sandstorm|[upkeep]\n|-damage|p2a: Suicune|69/100|[from] Sandstorm\n|-heal|p2a: Suicune|75/100|[from] item: Leftovers\n|-heal|p1a: Landorus|46/100 tox|[from] item: Leftovers\n|-damage|p1a: Landorus|28/100 tox|[from] psn\n|upkeep\n|turn|30\n|\n|t:|1790830294\n|move|p2a: Suicune|Scald|p1a: Landorus\n|-supereffective|p1a: Landorus\n|-damage|p1a: Landorus|0 fnt\n|faint|p1a: Landorus\n|\n|-weather|none\n|-heal|p2a: Suicune|82/100|[from] item: Leftovers\n|upkeep\n|\n|t:|1790830295\n|switch|p1a: Clefable|Clefable, F|58/100 tox\n|turn|31\n|\n|t:|1790830304\n|move|p2a: Suicune|Substitute|p2a: Suicune\n|-start|p2a: Suicune|Substitute\n|-damage|p2a: Suicune|57/100\n|move|p1a: Clefable|Moonblast|p2a: Suicune\n|-activate|p2a: Suicune|move: Substitute|[damage]\n|\n|-heal|p2a: Suicune|63/100|[from] item: Leftovers\n|-heal|p1a: Clefable|64/100 tox|[from] item: Leftovers\n|upkeep\n|turn|32\n|\n|t:|1790830313\n|move|p2a: Suicune|Calm Mind|p2a: Suicune\n|-boost|p2a: Suicune|spa|1\n|-boost|p2a: Suicune|spd|1\n|move|p1a: Clefable|Moonblast|p2a: Suicune\n|-end|p2a: Suicune|Substitute\n|\n|-heal|p2a: Suicune|69/100|[from] item: Leftovers\n|-heal|p1a: Clefable|70/100 tox|[from] item: Leftovers\n|upkeep\n|turn|33\n|inactive|DerEchteGott20010 has 60 seconds left.\n|\n|t:|1790830321\n|move|p2a: Suicune|Calm Mind|p2a: Suicune\n|-boost|p2a: Suicune|spa|1\n|-boost|p2a: Suicune|spd|1\n|move|p1a: Clefable|Moonblast|p2a: Suicune\n|-damage|p2a: Suicune|58/100\n|-unboost|p2a: Suicune|spa|1\n|\n|-heal|p2a: Suicune|64/100|[from] item: Leftovers\n|-heal|p1a: Clefable|76/100 tox|[from] item: Leftovers\n|upkeep\n|turn|34\n|\n|t:|1790830328\n|move|p2a: Suicune|Scald|p1a: Clefable\n|-damage|p1a: Clefable|38/100 tox\n|move|p1a: Clefable|Thunder Wave|p2a: Suicune\n|-status|p2a: Suicune|par\n|\n|-heal|p1a: Clefable|44/100 tox|[from] item: Leftovers\n|-heal|p2a: Suicune|70/100 par|[from] item: Leftovers\n|upkeep\n|turn|35\n|\n|t:|1790830333\n|move|p1a: Clefable|Soft-Boiled|p1a: Clefable\n|-heal|p1a: Clefable|94/100 tox\n|move|p2a: Suicune|Scald|p1a: Clefable\n|-damage|p1a: Clefable|57/100 tox\n|\n|-heal|p1a: Clefable|63/100 tox|[from] item: Leftovers\n|-heal|p2a: Suicune|76/100 par|[from] item: Leftovers\n|upkeep\n|turn|36\n|\n|t:|1790830352\n|move|p1a: Clefable|Moonblast|p2a: Suicune\n|-damage|p2a: Suicune|64/100 par\n|move|p2a: Suicune|Calm Mind|p2a: Suicune\n|-boost|p2a: Suicune|spa|1\n|-boost|p2a: Suicune|spd|1\n|\n|-heal|p1a: Clefable|69/100 tox|[from] item: Leftovers\n|-heal|p2a: Suicune|70/100 par|[from] item: Leftovers\n|upkeep\n|turn|37\n|\n|t:|1790830369\n|switch|p1a: Melmetal|Melmetal|92/100\n|cant|p2a: Suicune|par\n|\n|-heal|p2a: Suicune|76/100 par|[from] item: Leftovers\n|upkeep\n|turn|38\n|\n|t:|1790830376\n|move|p2a: Suicune|Substitute|p2a: Suicune\n|-start|p2a: Suicune|Substitute\n|-damage|p2a: Suicune|51/100 par\n|move|p1a: Melmetal|Earthquake|p2a: Suicune\n|-end|p2a: Suicune|Substitute\n|\n|-heal|p2a: Suicune|57/100 par|[from] item: Leftovers\n|upkeep\n|turn|39\n|inactive|DerEchteGott20010 has 90 seconds left.\n|\n|t:|1790830387\n|move|p2a: Suicune|Scald|p1a: Melmetal\n|-damage|p1a: Melmetal|49/100\n|move|p1a: Melmetal|Earthquake|p2a: Suicune\n|-damage|p2a: Suicune|28/100 par\n|\n|-heal|p2a: Suicune|34/100 par|[from] item: Leftovers\n|upkeep\n|turn|40\n|inactive|DerEchteGott20010 has 90 seconds left.\n|\n|t:|1790830394\n|move|p2a: Suicune|Scald|p1a: Melmetal\n|-damage|p1a: Melmetal|2/100\n|move|p1a: Melmetal|Double Iron Bash|p2a: Suicune\n|-resisted|p2a: Suicune\n|-damage|p2a: Suicune|17/100 par\n|-resisted|p2a: Suicune\n|-crit|p2a: Suicune\n|-damage|p2a: Suicune|0 fnt\n|faint|p2a: Suicune\n|-hitcount|p2: Suicune|2\n|\n|upkeep\n|inactive|DerEchteGott20010 has 90 seconds left.\n|\n|t:|1790830403\n|switch|p2a: Hippowdon|Hippowdon, F|94/100\n|-weather|Sandstorm|[from] ability: Sand Stream|[of] p2a: Hippowdon\n|turn|41\n|\n|t:|1790830415\n|switch|p1a: Clefable|Clefable, F|69/100 tox\n|move|p2a: Hippowdon|Earthquake|p1a: Clefable\n|-damage|p1a: Clefable|42/100 tox\n|\n|-weather|Sandstorm|[upkeep]\n|-heal|p1a: Clefable|48/100 tox|[from] item: Leftovers\n|-heal|p2a: Hippowdon|100/100|[from] item: Leftovers\n|upkeep\n|turn|42\n|\n|t:|1790830424\n|move|p1a: Clefable|Soft-Boiled|p1a: Clefable\n|-heal|p1a: Clefable|98/100 tox\n|move|p2a: Hippowdon|Earthquake|p1a: Clefable\n|-damage|p1a: Clefable|69/100 tox\n|\n|-weather|Sandstorm|[upkeep]\n|-heal|p1a: Clefable|75/100 tox|[from] item: Leftovers\n|upkeep\n|turn|43\n|\n|t:|1790830433\n|move|p1a: Clefable|Moonblast|p2a: Hippowdon\n|-damage|p2a: Hippowdon|78/100\n|move|p2a: Hippowdon|Earthquake|p1a: Clefable\n|-damage|p1a: Clefable|43/100 tox\n|\n|-weather|Sandstorm|[upkeep]\n|-heal|p1a: Clefable|49/100 tox|[from] item: Leftovers\n|-heal|p2a: Hippowdon|84/100|[from] item: Leftovers\n|upkeep\n|turn|44\n|\n|t:|1790830444\n|move|p1a: Clefable|Moonblast|p2a: Hippowdon\n|-damage|p2a: Hippowdon|60/100\n|-unboost|p2a: Hippowdon|spa|1\n|move|p2a: Hippowdon|Earthquake|p1a: Clefable\n|-damage|p1a: Clefable|21/100 tox\n|\n|-weather|Sandstorm|[upkeep]\n|-heal|p1a: Clefable|27/100 tox|[from] item: Leftovers\n|-heal|p2a: Hippowdon|66/100|[from] item: Leftovers\n|upkeep\n|turn|45\n|inactive|DerEchteGott20010 has 120 seconds left.\n|\n|t:|1790830455\n|move|p1a: Clefable|Moonblast|p2a: Hippowdon\n|-damage|p2a: Hippowdon|44/100\n|move|p2a: Hippowdon|Earthquake|p1a: Clefable\n|-damage|p1a: Clefable|0 fnt\n|faint|p1a: Clefable\n|\n|-weather|none\n|-heal|p2a: Hippowdon|50/100|[from] item: Leftovers\n|upkeep\n|\n|t:|1790830457\n|switch|p1a: Melmetal|Melmetal|2/100\n|turn|46\n|\n|t:|1790830462\n|move|p2a: Hippowdon|Earthquake|p1a: Melmetal\n|-supereffective|p1a: Melmetal\n|-damage|p1a: Melmetal|0 fnt\n|faint|p1a: Melmetal\n|\n|win|DerEchteGott20010\n|n|\u2606rnd0mnme|rnd0mnme\n|n|\u2606DerEchteGott20010|derechtegott20010\n|c|\u2606rnd0mnme|ggs!\n|l|\u2606DerEchteGott20010\n|player|p2|\n", "uploadtime": 1790830473, "views": "22", "formatid": "gen8ou", "rating": null, "private": 0, "password": null}