{"id": "gen8ou-2688209970", "format": "[Gen 8] OU", "players": ["atemgrimmjow", "Maxouille"], "log": "|j|\u2606atemgrimmjow\n|j|\u2606Maxouille\n|t:|1790434161\n|gametype|singles\n|player|p1|atemgrimmjow|red|1246\n|player|p2|Maxouille|#teamballo2024|1511\n|gen|8\n|tier|[Gen 8] OU\n|rated|\n|rule|HP Percentage Mod: HP is shown in percentages\n|rule|Endless Battle Clause: Forcing endless battles is banned\n|rule|Sleep Clause Mod: Limit one foe put to sleep\n|rule|Species Clause: Limit one of each Pok\u00e9mon\n|rule|OHKO Clause: OHKO moves are banned\n|rule|Evasion Items Clause: Evasion items are banned\n|rule|Evasion Moves Clause: Evasion moves are banned\n|rule|Dynamax Clause: You cannot dynamax\n|clearpoke\n|poke|p1|Slowking, F|\n|poke|p1|Urshifu-*, M|\n|poke|p1|Landorus-Therian, M|\n|poke|p1|Ferrothorn, F|\n|poke|p1|Weavile, F|\n|poke|p1|Dragapult, F|\n|poke|p2|Tapu Lele|\n|poke|p2|Magnezone|\n|poke|p2|Swampert, F|\n|poke|p2|Urshifu-*, F|\n|poke|p2|Weavile, M|\n|poke|p2|Dragonite, F|\n|teampreview\n|inactive|Battle timer is ON: inactive players will automatically lose when time's up. (requested by atemgrimmjow)\n|\n|t:|1790434193\n|teamsize|p1|6\n|teamsize|p2|6\n|start\n|switch|p1a: Slowking|Slowking, F|100/100\n|switch|p2a: Tapu Lele|Tapu Lele|100/100\n|-fieldstart|move: Psychic Terrain|[from] ability: Psychic Surge|[of] p2a: Tapu Lele\n|turn|1\n|\n|t:|1790434202\n|move|p2a: Tapu Lele|Calm Mind|p2a: Tapu Lele\n|-boost|p2a: Tapu Lele|spa|1\n|-boost|p2a: Tapu Lele|spd|1\n|move|p1a: Slowking|Future Sight|p2a: Tapu Lele\n|-start|p1a: Slowking|move: Future Sight\n|\n|upkeep\n|turn|2\n|\n|t:|1790434207\n|move|p2a: Tapu Lele|Thunderbolt|p1a: Slowking\n|-supereffective|p1a: Slowking\n|-damage|p1a: Slowking|43/100\n|move|p1a: Slowking|Teleport|p1a: Slowking\n|\n|t:|1790434212\n|switch|p1a: Weavile|Weavile, F|100/100|[from] Teleport\n|-ability|p1a: Weavile|Pressure\n|\n|upkeep\n|turn|3\n|\n|t:|1790434230\n|move|p1a: Weavile|Knock Off|p2a: Tapu Lele\n|-damage|p2a: Tapu Lele|20/100\n|-enditem|p2a: Tapu Lele|Heavy-Duty Boots|[from] move: Knock Off|[of] p1a: Weavile\n|move|p2a: Tapu Lele|Moonblast|p1a: Weavile\n|-supereffective|p1a: Weavile\n|-damage|p1a: Weavile|0 fnt\n|faint|p1a: Weavile\n|\n|-end|p2a: Tapu Lele|move: Future Sight\n|-resisted|p2a: Tapu Lele\n|-damage|p2a: Tapu Lele|3/100\n|upkeep\n|\n|t:|1790434250\n|switch|p1a: Dragapult|Dragapult, F|100/100\n|turn|4\n|\n|t:|1790434279\n|move|p1a: Dragapult|U-turn|p2a: Tapu Lele\n|-damage|p2a: Tapu Lele|0 fnt\n|faint|p2a: Tapu Lele\n|\n|t:|1790434286\n|switch|p1a: Ferrothorn|Ferrothorn, F|100/100|[from] U-turn\n|\n|upkeep\n|\n|t:|1790434290\n|switch|p2a: Magnezone|Magnezone|100/100\n|turn|5\n|\n|t:|1790434296\n|move|p2a: Magnezone|Substitute|p2a: Magnezone\n|-start|p2a: Magnezone|Substitute\n|-damage|p2a: Magnezone|75/100\n|move|p1a: Ferrothorn|Leech Seed|p2a: Magnezone|[miss]\n|-miss|p1a: Ferrothorn|p2a: Magnezone\n|\n|-heal|p2a: Magnezone|82/100|[from] item: Leftovers\n|-fieldend|move: Psychic Terrain\n|upkeep\n|turn|6\n|\n|t:|1790434305\n|move|p2a: Magnezone|Iron Defense|p2a: Magnezone\n|-boost|p2a: Magnezone|def|2\n|move|p1a: Ferrothorn|Knock Off|p2a: Magnezone\n|-activate|p2a: Magnezone|move: Substitute|[damage]\n|\n|-heal|p2a: Magnezone|88/100|[from] item: Leftovers\n|upkeep\n|turn|7\n|\n|t:|1790434312\n|move|p2a: Magnezone|Iron Defense|p2a: Magnezone\n|-boost|p2a: Magnezone|def|2\n|move|p1a: Ferrothorn|Spikes|p2a: Magnezone\n|-sidestart|p2: Maxouille|Spikes\n|\n|-heal|p2a: Magnezone|94/100|[from] item: Leftovers\n|upkeep\n|turn|8\n|\n|t:|1790434322\n|move|p2a: Magnezone|Body Press|p1a: Ferrothorn\n|-supereffective|p1a: Ferrothorn\n|-damage|p1a: Ferrothorn|0 fnt\n|-damage|p2a: Magnezone|82/100|[from] ability: Iron Barbs|[of] p1a: Ferrothorn\n|faint|p1a: Ferrothorn\n|\n|-heal|p2a: Magnezone|88/100|[from] item: Leftovers\n|upkeep\n|\n|t:|1790434330\n|switch|p1a: Dragapult|Dragapult, F|100/100\n|turn|9\n|\n|t:|1790434340\n|move|p1a: Dragapult|Flamethrower|p2a: Magnezone\n|-supereffective|p2a: Magnezone\n|-damage|p2a: Magnezone|0 fnt\n|faint|p2a: Magnezone\n|\n|upkeep\n|\n|t:|1790434355\n|switch|p2a: Urshifu|Urshifu-Rapid-Strike, F|100/100\n|-damage|p2a: Urshifu|88/100|[from] Spikes\n|turn|10\n|\n|t:|1790434373\n|switch|p1a: Urshifu|Urshifu-Rapid-Strike, M|100/100\n|move|p2a: Urshifu|U-turn|p1a: Urshifu\n|-resisted|p1a: Urshifu\n|-damage|p1a: Urshifu|83/100\n|\n|t:|1790434378\n|switch|p2a: Dragonite|Dragonite, F|100/100|[from] U-turn\n|\n|upkeep\n|turn|11\n|\n|t:|1790434387\n|move|p1a: Urshifu|U-turn|p2a: Dragonite\n|-resisted|p2a: Dragonite\n|-damage|p2a: Dragonite|94/100\n|\n|t:|1790434405\n|switch|p1a: Dragapult|Dragapult, F|100/100|[from] U-turn\n|move|p2a: Dragonite|Roost|p2a: Dragonite\n|-heal|p2a: Dragonite|100/100\n|-singleturn|p2a: Dragonite|move: Roost\n|\n|upkeep\n|turn|12\n|inactive|Maxouille has 120 seconds left.\n|j| sanos\n|\n|t:|1790434455\n|move|p1a: Dragapult|U-turn|p2a: Dragonite\n|-resisted|p2a: Dragonite\n|-damage|p2a: Dragonite|98/100\n|\n|t:|1790434458\n|switch|p1a: Landorus|Landorus-Therian, M|100/100|[from] U-turn\n|-ability|p1a: Landorus|Intimidate|boost\n|-unboost|p2a: Dragonite|atk|1\n|move|p2a: Dragonite|Roost|p2a: Dragonite\n|-heal|p2a: Dragonite|100/100\n|-singleturn|p2a: Dragonite|move: Roost\n|\n|upkeep\n|turn|13\n|\n|t:|1790434466\n|move|p1a: Landorus|Toxic|p2a: Dragonite\n|-status|p2a: Dragonite|tox\n|move|p2a: Dragonite|Ice Beam|p1a: Landorus\n|-supereffective|p1a: Landorus\n|-damage|p1a: Landorus|22/100\n|\n|-heal|p1a: Landorus|28/100|[from] item: Leftovers\n|-damage|p2a: Dragonite|94/100 tox|[from] psn\n|upkeep\n|turn|14\n|l| sanos\n|inactive|Maxouille has 120 seconds left.\n|\n|t:|1790434497\n|switch|p1a: Slowking|Slowking, F|76/100\n|move|p2a: Dragonite|Ice Beam|p1a: Slowking\n|-resisted|p1a: Slowking\n|-damage|p1a: Slowking|71/100\n|-status|p1a: Slowking|frz\n|\n|-damage|p2a: Dragonite|82/100 tox|[from] psn\n|upkeep\n|turn|15\n|inactive|Maxouille has 90 seconds left.\n|\n|t:|1790434521\n|move|p2a: Dragonite|Heal Bell|p2a: Dragonite\n|-activate|p2a: Dragonite|move: Heal Bell\n|-curestatus|p2a: Dragonite|tox|[msg]\n|-curestatus|p1a: Slowking|frz|[msg]\n|move|p1a: Slowking|Teleport|p1a: Slowking\n|\n|t:|1790434526\n|switch|p1a: Dragapult|Dragapult, F|100/100|[from] Teleport\n|\n|upkeep\n|turn|16\n|\n|t:|1790434535\n|switch|p2a: Swampert|Swampert, F|100/100\n|-damage|p2a: Swampert|88/100|[from] Spikes\n|move|p1a: Dragapult|Draco Meteor|p2a: Swampert\n|-damage|p2a: Swampert|33/100\n|-unboost|p1a: Dragapult|spa|2\n|\n|-heal|p2a: Swampert|39/100|[from] item: Leftovers\n|upkeep\n|turn|17\n|\n|t:|1790434546\n|switch|p1a: Slowking|Slowking, F|100/100\n|move|p2a: Swampert|Stealth Rock|p1a: Slowking\n|-sidestart|p1: atemgrimmjow|move: Stealth Rock\n|\n|-heal|p2a: Swampert|45/100|[from] item: Leftovers\n|upkeep\n|turn|18\n|\n|t:|1790434552\n|move|p2a: Swampert|Earthquake|p1a: Slowking\n|-damage|p1a: Slowking|60/100\n|move|p1a: Slowking|Future Sight|p2a: Swampert\n|-start|p1a: Slowking|move: Future Sight\n|\n|-heal|p2a: Swampert|51/100|[from] item: Leftovers\n|upkeep\n|turn|19\n|inactive|Maxouille has 120 seconds left.\n|\n|t:|1790434565\n|move|p2a: Swampert|Earthquake|p1a: Slowking\n|-damage|p1a: Slowking|21/100\n|move|p1a: Slowking|Teleport|p1a: Slowking\n|\n|t:|1790434569\n|switch|p1a: Urshifu|Urshifu-Rapid-Strike, M|83/100|[from] Teleport\n|-damage|p1a: Urshifu|77/100|[from] Stealth Rock\n|\n|-heal|p2a: Swampert|58/100|[from] item: Leftovers\n|upkeep\n|turn|20\n|inactive|Maxouille has 120 seconds left.\n|\n|t:|1790434606\n|move|p1a: Urshifu|Close Combat|p2a: Swampert\n|-damage|p2a: Swampert|0 fnt\n|-unboost|p1a: Urshifu|def|1\n|-unboost|p1a: Urshifu|spd|1\n|faint|p2a: Swampert\n|\n|-hint|Future Sight did not hit because the target is fainted.\n|upkeep\n|\n|t:|1790434616\n|switch|p2a: Urshifu|Urshifu-Rapid-Strike, F|88/100\n|-damage|p2a: Urshifu|76/100|[from] Spikes\n|turn|21\n|\n|t:|1790434624\n|switch|p1a: Landorus|Landorus-Therian, M|28/100\n|-damage|p1a: Landorus|16/100|[from] Stealth Rock\n|-ability|p1a: Landorus|Intimidate|boost\n|-unboost|p2a: Urshifu|atk|1\n|move|p2a: Urshifu|Surging Strikes|p1a: Landorus\n|-supereffective|p1a: Landorus\n|-crit|p1a: Landorus\n|-damage|p1a: Landorus|0 fnt\n|faint|p1a: Landorus\n|-hitcount|p1: Landorus|1\n|\n|upkeep\n|\n|t:|1790434638\n|switch|p1a: Urshifu|Urshifu-Rapid-Strike, M|77/100\n|-damage|p1a: Urshifu|71/100|[from] Stealth Rock\n|turn|22\n|\n|t:|1790434646\n|move|p1a: Urshifu|Close Combat|p2a: Urshifu\n|-damage|p2a: Urshifu|0 fnt\n|-unboost|p1a: Urshifu|def|1\n|-unboost|p1a: Urshifu|spd|1\n|faint|p2a: Urshifu\n|\n|upkeep\n|\n|t:|1790434650\n|switch|p2a: Dragonite|Dragonite, F|82/100\n|turn|23\n|\n|t:|1790434661\n|switch|p1a: Slowking|Slowking, F|54/100\n|move|p2a: Dragonite|Earthquake|p1a: Slowking\n|-damage|p1a: Slowking|22/100\n|\n|upkeep\n|turn|24\n|\n|t:|1790434668\n|move|p2a: Dragonite|Earthquake|p1a: Slowking\n|-damage|p1a: Slowking|0 fnt\n|faint|p1a: Slowking\n|\n|upkeep\n|\n|t:|1790434672\n|switch|p1a: Dragapult|Dragapult, F|100/100\n|-damage|p1a: Dragapult|88/100|[from] Stealth Rock\n|turn|25\n|\n|t:|1790434684\n|switch|p2a: Weavile|Weavile, M|100/100\n|-damage|p2a: Weavile|88/100|[from] Spikes\n|-ability|p2a: Weavile|Pressure\n|move|p1a: Dragapult|Draco Meteor|p2a: Weavile\n|-damage|p2a: Weavile|0 fnt\n|-unboost|p1a: Dragapult|spa|2\n|faint|p2a: Weavile\n|\n|upkeep\n|\n|t:|1790434686\n|switch|p2a: Dragonite|Dragonite, F|82/100\n|turn|26\n|\n|t:|1790434698\n|move|p1a: Dragapult|Draco Meteor|p2a: Dragonite\n|-supereffective|p2a: Dragonite\n|-damage|p2a: Dragonite|10/100\n|-unboost|p1a: Dragapult|spa|2\n|move|p2a: Dragonite|Roost|p2a: Dragonite\n|-heal|p2a: Dragonite|60/100\n|-singleturn|p2a: Dragonite|move: Roost\n|\n|upkeep\n|turn|27\n|\n|t:|1790434707\n|switch|p1a: Urshifu|Urshifu-Rapid-Strike, M|71/100\n|-damage|p1a: Urshifu|65/100|[from] Stealth Rock\n|move|p2a: Dragonite|Roost|p2a: Dragonite\n|-heal|p2a: Dragonite|100/100\n|-singleturn|p2a: Dragonite|move: Roost\n|\n|upkeep\n|turn|28\n|\n|t:|1790434716\n|move|p1a: Urshifu|Surging Strikes|p2a: Dragonite\n|-resisted|p2a: Dragonite\n|-crit|p2a: Dragonite\n|-damage|p2a: Dragonite|95/100\n|-resisted|p2a: Dragonite\n|-crit|p2a: Dragonite\n|-damage|p2a: Dragonite|86/100\n|-resisted|p2a: Dragonite\n|-crit|p2a: Dragonite\n|-damage|p2a: Dragonite|76/100\n|-hitcount|p2a: Dragonite|3\n|move|p2a: Dragonite|Roost|p2a: Dragonite\n|-heal|p2a: Dragonite|100/100\n|-singleturn|p2a: Dragonite|move: Roost\n|\n|upkeep\n|turn|29\n|\n|t:|1790434729\n|move|p1a: Urshifu|Surging Strikes|p2a: Dragonite\n|-resisted|p2a: Dragonite\n|-crit|p2a: Dragonite\n|-damage|p2a: Dragonite|96/100\n|-resisted|p2a: Dragonite\n|-crit|p2a: Dragonite\n|-damage|p2a: Dragonite|85/100\n|-resisted|p2a: Dragonite\n|-crit|p2a: Dragonite\n|-damage|p2a: Dragonite|75/100\n|-hitcount|p2a: Dragonite|3\n|move|p2a: Dragonite|Ice Beam|p1a: Urshifu\n|-resisted|p1a: Urshifu\n|-damage|p1a: Urshifu|50/100\n|\n|upkeep\n|turn|30\n|\n|t:|1790434741\n|move|p1a: Urshifu|Surging Strikes|p2a: Dragonite\n|-resisted|p2a: Dragonite\n|-crit|p2a: Dragonite\n|-damage|p2a: Dragonite|65/100\n|-resisted|p2a: Dragonite\n|-crit|p2a: Dragonite\n|-damage|p2a: Dragonite|55/100\n|-resisted|p2a: Dragonite\n|-crit|p2a: Dragonite\n|-damage|p2a: Dragonite|45/100\n|-hitcount|p2a: Dragonite|3\n|move|p2a: Dragonite|Roost|p2a: Dragonite\n|-heal|p2a: Dragonite|95/100\n|-singleturn|p2a: Dragonite|move: Roost\n|\n|upkeep\n|turn|31\n|\n|t:|1790434752\n|move|p1a: Urshifu|Surging Strikes|p2a: Dragonite\n|-resisted|p2a: Dragonite\n|-crit|p2a: Dragonite\n|-damage|p2a: Dragonite|84/100\n|-resisted|p2a: Dragonite\n|-crit|p2a: Dragonite\n|-damage|p2a: Dragonite|74/100\n|-resisted|p2a: Dragonite\n|-crit|p2a: Dragonite\n|-damage|p2a: Dragonite|65/100\n|-hitcount|p2a: Dragonite|3\n|move|p2a: Dragonite|Ice Beam|p1a: Urshifu\n|-resisted|p1a: Urshifu\n|-damage|p1a: Urshifu|37/100\n|\n|upkeep\n|turn|32\n|j| aoyeguanjun\n|\n|t:|1790434762\n|move|p1a: Urshifu|Surging Strikes|p2a: Dragonite\n|-resisted|p2a: Dragonite\n|-crit|p2a: Dragonite\n|-damage|p2a: Dragonite|55/100\n|-resisted|p2a: Dragonite\n|-crit|p2a: Dragonite\n|-damage|p2a: Dragonite|46/100\n|-resisted|p2a: Dragonite\n|-crit|p2a: Dragonite\n|-damage|p2a: Dragonite|35/100\n|-hitcount|p2a: Dragonite|3\n|move|p2a: Dragonite|Roost|p2a: Dragonite\n|-heal|p2a: Dragonite|85/100\n|-singleturn|p2a: Dragonite|move: Roost\n|\n|upkeep\n|turn|33\n|\n|t:|1790434773\n|move|p1a: Urshifu|Surging Strikes|p2a: Dragonite\n|-resisted|p2a: Dragonite\n|-crit|p2a: Dragonite\n|-damage|p2a: Dragonite|74/100\n|-resisted|p2a: Dragonite\n|-crit|p2a: Dragonite\n|-damage|p2a: Dragonite|63/100\n|-resisted|p2a: Dragonite\n|-crit|p2a: Dragonite\n|-damage|p2a: Dragonite|52/100\n|-hitcount|p2a: Dragonite|3\n|move|p2a: Dragonite|Ice Beam|p1a: Urshifu\n|-resisted|p1a: Urshifu\n|-damage|p1a: Urshifu|22/100\n|\n|upkeep\n|turn|34\n|j| Blueflea.N\n|\n|t:|1790434784\n|move|p1a: Urshifu|Surging Strikes|p2a: Dragonite\n|-resisted|p2a: Dragonite\n|-crit|p2a: Dragonite\n|-damage|p2a: Dragonite|41/100\n|-resisted|p2a: Dragonite\n|-crit|p2a: Dragonite\n|-damage|p2a: Dragonite|31/100\n|-resisted|p2a: Dragonite\n|-crit|p2a: Dragonite\n|-damage|p2a: Dragonite|21/100\n|-hitcount|p2a: Dragonite|3\n|move|p2a: Dragonite|Roost|p2a: Dragonite\n|-heal|p2a: Dragonite|71/100\n|-singleturn|p2a: Dragonite|move: Roost\n|\n|upkeep\n|turn|35\n|\n|t:|1790434795\n|move|p1a: Urshifu|Surging Strikes|p2a: Dragonite\n|-resisted|p2a: Dragonite\n|-crit|p2a: Dragonite\n|-damage|p2a: Dragonite|61/100\n|-resisted|p2a: Dragonite\n|-crit|p2a: Dragonite\n|-damage|p2a: Dragonite|52/100\n|-resisted|p2a: Dragonite\n|-crit|p2a: Dragonite\n|-damage|p2a: Dragonite|41/100\n|-hitcount|p2a: Dragonite|3\n|move|p2a: Dragonite|Roost|p2a: Dragonite\n|-heal|p2a: Dragonite|91/100\n|-singleturn|p2a: Dragonite|move: Roost\n|\n|upkeep\n|turn|36\n|\n|t:|1790434807\n|-activate|p1a: Urshifu|move: Struggle\n|move|p1a: Urshifu|Struggle|p2a: Dragonite\n|-damage|p2a: Dragonite|74/100\n|-damage|p1a: Urshifu|0 fnt|[from] recoil\n|faint|p1a: Urshifu\n|move|p2a: Dragonite|Roost|p2a: Dragonite\n|-heal|p2a: Dragonite|100/100\n|-singleturn|p2a: Dragonite|move: Roost\n|\n|upkeep\n|\n|t:|1790434814\n|switch|p1a: Dragapult|Dragapult, F|88/100\n|-damage|p1a: Dragapult|76/100|[from] Stealth Rock\n|turn|37\n|\n|t:|1790434819\n|move|p1a: Dragapult|Shadow Ball|p2a: Dragonite\n|-damage|p2a: Dragonite|76/100\n|-unboost|p2a: Dragonite|spd|1\n|move|p2a: Dragonite|Roost|p2a: Dragonite\n|-heal|p2a: Dragonite|100/100\n|-singleturn|p2a: Dragonite|move: Roost\n|\n|upkeep\n|turn|38\n|\n|t:|1790434838\n|move|p1a: Dragapult|Shadow Ball|p2a: Dragonite\n|-damage|p2a: Dragonite|66/100\n|move|p2a: Dragonite|Ice Beam|p1a: Dragapult\n|-supereffective|p1a: Dragapult\n|-damage|p1a: Dragapult|25/100\n|\n|upkeep\n|turn|39\n|\n|t:|1790434844\n|move|p1a: Dragapult|Shadow Ball|p2a: Dragonite\n|-damage|p2a: Dragonite|0 fnt\n|faint|p2a: Dragonite\n|\n|win|atemgrimmjow\n|raw|atemgrimmjow's rating: 1246 &rarr; <strong>1287</strong><br />(+41 for winning)\n|raw|Maxouille's rating: 1511 &rarr; <strong>1478</strong><br />(-33 for losing)\n|l|\u2606Maxouille\n|player|p2|\n|l| aoyeguanjun\n|j| aoyeguanjun\n|l|\u2606atemgrimmjow\n|player|p1|\n", "uploadtime": 1790434877, "views": "2", "formatid": "gen8ou", "rating": 1287, "private": 0, "password": null}