{"id": "gen8ou-2693895125", "format": "[Gen 8] OU", "players": ["uh huh okay1", "edgypunishment"], "log": "|j|\u2606uh huh okay1\n|j|\u2606edgypunishment\n|t:|1791305539\n|gametype|singles\n|player|p1|uh huh okay1|blaine|1136\n|player|p2|edgypunishment|acetrainer-gen4dp|1108\n|gen|8\n|tier|[Gen 8] OU\n|rated|\n|rule|HP Percentage Mod: HP is shown in percentages\n|rule|Endless Battle Clause: Forcing endless battles is banned\n|rule|Sleep Clause Mod: Limit one foe put to sleep\n|rule|Species Clause: Limit one of each Pok\u00e9mon\n|rule|OHKO Clause: OHKO moves are banned\n|rule|Evasion Items Clause: Evasion items are banned\n|rule|Evasion Moves Clause: Evasion moves are banned\n|rule|Dynamax Clause: You cannot dynamax\n|clearpoke\n|poke|p1|Tyranitar, M|\n|poke|p1|Excadrill, M|\n|poke|p1|Toxapex, M|\n|poke|p1|Galvantula, M|\n|poke|p1|Dragapult, F|\n|poke|p1|Hydreigon, M|\n|poke|p2|Mienshao, M|\n|poke|p2|Gallade, M|\n|poke|p2|Blaziken, M|\n|poke|p2|Toxicroak, M|\n|poke|p2|Scrafty, F|\n|poke|p2|Lucario, M|\n|teampreview\n|inactive|Battle timer is ON: inactive players will automatically lose when time's up. (requested by edgypunishment)\n|\n|t:|1791305559\n|teamsize|p1|6\n|teamsize|p2|6\n|start\n|switch|p1a: Galvantula|Galvantula, M, shiny|100/100\n|switch|p2a: Mienshao|Mienshao, M|100/100\n|turn|1\n|\n|t:|1791305566\n|switch|p1a: Toxapex|Toxapex, M|100/100\n|move|p2a: Mienshao|Fake Out|p1a: Toxapex\n|-damage|p1a: Toxapex|88/100\n|-damage|p2a: Mienshao|84/100|[from] item: Rocky Helmet|[of] p1a: Toxapex\n|-damage|p2a: Mienshao|74/100|[from] item: Life Orb\n|\n|upkeep\n|turn|2\n|\n|t:|1791305584\n|move|p2a: Mienshao|Fake Out||[still]\n|-hint|Fake Out only works on your first turn out.\n|-fail|p2a: Mienshao\n|move|p1a: Toxapex|Knock Off|p2a: Mienshao\n|-resisted|p2a: Mienshao\n|-damage|p2a: Mienshao|59/100\n|-enditem|p2a: Mienshao|Life Orb|[from] move: Knock Off|[of] p1a: Toxapex\n|\n|upkeep\n|turn|3\n|\n|t:|1791305593\n|move|p2a: Mienshao|Rock Slide|p1a: Toxapex\n|-damage|p1a: Toxapex|72/100\n|move|p1a: Toxapex|Toxic Spikes|p2a: Mienshao\n|-sidestart|p2: edgypunishment|move: Toxic Spikes\n|\n|upkeep\n|turn|4\n|\n|t:|1791305601\n|move|p2a: Mienshao|Rock Slide|p1a: Toxapex\n|-damage|p1a: Toxapex|55/100\n|cant|p1a: Toxapex|flinch\n|\n|upkeep\n|turn|5\n|\n|t:|1791305621\n|move|p2a: Mienshao|U-turn|p1a: Toxapex\n|-resisted|p1a: Toxapex\n|-damage|p1a: Toxapex|47/100\n|-damage|p2a: Mienshao|42/100|[from] item: Rocky Helmet|[of] p1a: Toxapex\n|\n|t:|1791305626\n|switch|p2a: Lucario|Lucario, M|100/100|[from] U-turn\n|move|p1a: Toxapex|Recover|p1a: Toxapex\n|-heal|p1a: Toxapex|97/100\n|\n|upkeep\n|turn|6\n|\n|t:|1791305643\n|move|p2a: Lucario|Swords Dance|p2a: Lucario\n|-boost|p2a: Lucario|atk|2\n|move|p1a: Toxapex|Knock Off|p2a: Lucario\n|-resisted|p2a: Lucario\n|-damage|p2a: Lucario|89/100\n|-enditem|p2a: Lucario|Lum Berry|[from] move: Knock Off|[of] p1a: Toxapex\n|\n|upkeep\n|turn|7\n|j| terweryt\n|\n|t:|1791305653\n|move|p2a: Lucario|Extreme Speed|p1a: Toxapex\n|-damage|p1a: Toxapex|64/100\n|-damage|p2a: Lucario|72/100|[from] item: Rocky Helmet|[of] p1a: Toxapex\n|move|p1a: Toxapex|Toxic Spikes|p2a: Lucario\n|-sidestart|p2: edgypunishment|move: Toxic Spikes\n|\n|upkeep\n|turn|8\n|\n|t:|1791305670\n|switch|p1a: Dragapult|Dragapult, F|100/100\n|move|p2a: Lucario|Swords Dance|p2a: Lucario\n|-boost|p2a: Lucario|atk|2\n|\n|upkeep\n|turn|9\n|\n|t:|1791305679\n|move|p1a: Dragapult|Shadow Ball|p2a: Lucario\n|-damage|p2a: Lucario|11/100\n|-damage|p1a: Dragapult|91/100|[from] item: Life Orb\n|move|p2a: Lucario|Meteor Mash|p1a: Dragapult\n|-damage|p1a: Dragapult|0 fnt\n|faint|p1a: Dragapult\n|\n|upkeep\n|\n|t:|1791305688\n|switch|p1a: Tyranitar|Tyranitar, M|100/100\n|-weather|Sandstorm|[from] ability: Sand Stream|[of] p1a: Tyranitar\n|turn|10\n|\n|t:|1791305693\n|switch|p1a: Toxapex|Toxapex, M|97/100\n|move|p2a: Lucario|Close Combat|p1a: Toxapex\n|-resisted|p1a: Toxapex\n|-damage|p1a: Toxapex|35/100\n|-unboost|p2a: Lucario|def|1\n|-unboost|p2a: Lucario|spd|1\n|-damage|p2a: Lucario|0 fnt|[from] item: Rocky Helmet|[of] p1a: Toxapex\n|faint|p2a: Lucario\n|\n|-weather|Sandstorm|[upkeep]\n|-damage|p1a: Toxapex|29/100|[from] Sandstorm\n|upkeep\n|\n|t:|1791305713\n|switch|p2a: Gallade|Gallade, M|100/100\n|-status|p2a: Gallade|tox\n|turn|11\n|\n|t:|1791305719\n|switch|p1a: Tyranitar|Tyranitar, M|100/100\n|move|p2a: Gallade|Trick|p1a: Tyranitar\n|-activate|p2a: Gallade|move: Trick|[of] p1a: Tyranitar\n|-item|p1a: Tyranitar|Choice Band|[from] move: Trick\n|-item|p2a: Gallade|Leftovers|[from] move: Trick\n|\n|-weather|Sandstorm|[upkeep]\n|-damage|p2a: Gallade|94/100 tox|[from] Sandstorm\n|-heal|p2a: Gallade|100/100 tox|[from] item: Leftovers\n|-damage|p2a: Gallade|94/100 tox|[from] psn\n|upkeep\n|turn|12\n|\n|t:|1791305735\n|switch|p1a: Galvantula|Galvantula, M, shiny|100/100\n|move|p2a: Gallade|Drain Punch|p1a: Galvantula\n|-resisted|p1a: Galvantula\n|-damage|p1a: Galvantula|64/100\n|-heal|p2a: Gallade|100/100 tox|[from] drain|[of] p1a: Galvantula\n|-enditem|p1a: Galvantula|Red Card|[of] p2a: Gallade\n|drag|p2a: Blaziken|Blaziken, M|100/100\n|-status|p2a: Blaziken|tox\n|\n|-weather|Sandstorm|[upkeep]\n|-damage|p1a: Galvantula|58/100|[from] Sandstorm\n|-damage|p2a: Blaziken|95/100 tox|[from] Sandstorm\n|-damage|p2a: Blaziken|89/100 tox|[from] psn\n|upkeep\n|turn|13\n|inactive|edgypunishment has 120 seconds left.\n|\n|t:|1791305756\n|move|p1a: Galvantula|Sticky Web|p2a: Blaziken\n|-sidestart|p2: edgypunishment|move: Sticky Web\n|move|p2a: Blaziken|Flare Blitz|p1a: Galvantula\n|-supereffective|p1a: Galvantula\n|-damage|p1a: Galvantula|0 fnt\n|faint|p1a: Galvantula\n|-damage|p2a: Blaziken|71/100 tox|[from] Recoil\n|\n|-weather|Sandstorm|[upkeep]\n|-damage|p2a: Blaziken|65/100 tox|[from] Sandstorm\n|-damage|p2a: Blaziken|53/100 tox|[from] psn\n|-ability|p2a: Blaziken|Speed Boost|boost\n|-boost|p2a: Blaziken|spe|1\n|upkeep\n|\n|t:|1791305773\n|switch|p1a: Hydreigon|Hydreigon, M|100/100\n|turn|14\n|\n|t:|1791305777\n|move|p2a: Blaziken|Close Combat|p1a: Hydreigon\n|-supereffective|p1a: Hydreigon\n|-damage|p1a: Hydreigon|0 fnt\n|-unboost|p2a: Blaziken|def|1\n|-unboost|p2a: Blaziken|spd|1\n|faint|p1a: Hydreigon\n|\n|-weather|none\n|-damage|p2a: Blaziken|35/100 tox|[from] psn\n|-ability|p2a: Blaziken|Speed Boost|boost\n|-boost|p2a: Blaziken|spe|1\n|upkeep\n|\n|t:|1791305782\n|switch|p1a: Toxapex|Toxapex, M|63/100\n|turn|15\n|\n|t:|1791305789\n|move|p2a: Blaziken|Thunder Punch|p1a: Toxapex\n|-supereffective|p1a: Toxapex\n|-damage|p1a: Toxapex|31/100\n|-damage|p2a: Blaziken|19/100 tox|[from] item: Rocky Helmet|[of] p1a: Toxapex\n|move|p1a: Toxapex|Recover|p1a: Toxapex\n|-heal|p1a: Toxapex|81/100\n|\n|-damage|p2a: Blaziken|0 fnt|[from] psn\n|faint|p2a: Blaziken\n|upkeep\n|\n|t:|1791305805\n|switch|p2a: Gallade|Gallade, M|100/100 tox\n|-activate|p2a: Gallade|move: Sticky Web\n|-unboost|p2a: Gallade|spe|1\n|turn|16\n|\n|t:|1791305822\n|switch|p1a: Tyranitar|Tyranitar, M|100/100\n|-weather|Sandstorm|[from] ability: Sand Stream|[of] p1a: Tyranitar\n|move|p2a: Gallade|Psycho Cut|p1a: Tyranitar\n|-immune|p1a: Tyranitar\n|\n|-weather|Sandstorm|[upkeep]\n|-damage|p2a: Gallade|94/100 tox|[from] Sandstorm\n|-heal|p2a: Gallade|100/100 tox|[from] item: Leftovers\n|-damage|p2a: Gallade|94/100 tox|[from] psn\n|upkeep\n|turn|17\n|\n|t:|1791305834\n|switch|p1a: Excadrill|Excadrill, M, shiny|100/100\n|move|p2a: Gallade|Drain Punch|p1a: Excadrill\n|-supereffective|p1a: Excadrill\n|-damage|p1a: Excadrill|0 fnt\n|-heal|p2a: Gallade|100/100 tox|[from] drain|[of] p1a: Excadrill\n|faint|p1a: Excadrill\n|\n|-weather|Sandstorm|[upkeep]\n|-damage|p2a: Gallade|94/100 tox|[from] Sandstorm\n|-heal|p2a: Gallade|100/100 tox|[from] item: Leftovers\n|-damage|p2a: Gallade|88/100 tox|[from] psn\n|upkeep\n|\n|t:|1791305836\n|switch|p1a: Tyranitar|Tyranitar, M|100/100\n|turn|18\n|raw|<div class=\"broadcast-red\"><b>The server is restarting soon.</b><br />Please finish your battles quickly. No new battles can be started until the server resets in a few minutes.</div>\n|inactive|staff also wants the timer to be on.\n|raw|<div class=\"broadcast-red\"><b>Moderated chat was set to +!</b><br />Only users of rank + and higher can talk.</div>\n|\n|t:|1791305854\n|switch|p1a: Toxapex|Toxapex, M|100/100\n|move|p2a: Gallade|Drain Punch|p1a: Toxapex\n|-resisted|p1a: Toxapex\n|-damage|p1a: Toxapex|86/100\n|-heal|p2a: Gallade|96/100 tox|[from] drain|[of] p1a: Toxapex\n|-damage|p2a: Gallade|79/100 tox|[from] item: Rocky Helmet|[of] p1a: Toxapex\n|\n|-weather|Sandstorm|[upkeep]\n|-damage|p2a: Gallade|73/100 tox|[from] Sandstorm\n|-damage|p1a: Toxapex|80/100|[from] Sandstorm\n|-heal|p2a: Gallade|79/100 tox|[from] item: Leftovers\n|-damage|p2a: Gallade|61/100 tox|[from] psn\n|upkeep\n|turn|19\n|\n|t:|1791305868\n|move|p2a: Gallade|Drain Punch|p1a: Toxapex\n|-resisted|p1a: Toxapex\n|-damage|p1a: Toxapex|67/100\n|-heal|p2a: Gallade|68/100 tox|[from] drain|[of] p1a: Toxapex\n|-damage|p2a: Gallade|51/100 tox|[from] item: Rocky Helmet|[of] p1a: Toxapex\n|move|p1a: Toxapex|Recover|p1a: Toxapex\n|-heal|p1a: Toxapex|100/100\n|\n|-weather|Sandstorm|[upkeep]\n|-damage|p2a: Gallade|45/100 tox|[from] Sandstorm\n|-damage|p1a: Toxapex|94/100|[from] Sandstorm\n|-heal|p2a: Gallade|51/100 tox|[from] item: Leftovers\n|-damage|p2a: Gallade|27/100 tox|[from] psn\n|upkeep\n|turn|20\n|\n|t:|1791305885\n|move|p2a: Gallade|Drain Punch|p1a: Toxapex\n|-resisted|p1a: Toxapex\n|-damage|p1a: Toxapex|81/100\n|-heal|p2a: Gallade|34/100 tox|[from] drain|[of] p1a: Toxapex\n|-damage|p2a: Gallade|17/100 tox|[from] item: Rocky Helmet|[of] p1a: Toxapex\n|move|p1a: Toxapex|Recover|p1a: Toxapex\n|-heal|p1a: Toxapex|100/100\n|\n|-weather|none\n|-heal|p2a: Gallade|23/100 tox|[from] item: Leftovers\n|-damage|p2a: Gallade|0 fnt|[from] psn\n|faint|p2a: Gallade\n|upkeep\n|\n|t:|1791305897\n|switch|p2a: Toxicroak|Toxicroak, M|100/100\n|-sideend|p2: edgypunishment|move: Toxic Spikes|[of] p2a: Toxicroak\n|-activate|p2a: Toxicroak|move: Sticky Web\n|-unboost|p2a: Toxicroak|spe|1\n|turn|21\n|\n|t:|1791305908\n|switch|p2a: Scrafty|Scrafty, F|100/100\n|-activate|p2a: Scrafty|move: Sticky Web\n|-unboost|p2a: Scrafty|spe|1\n|move|p1a: Toxapex|Knock Off|p2a: Scrafty\n|-resisted|p2a: Scrafty\n|-damage|p2a: Scrafty|96/100\n|-enditem|p2a: Scrafty|Leftovers|[from] move: Knock Off|[of] p1a: Toxapex\n|\n|upkeep\n|turn|22\n|\n|t:|1791305923\n|move|p2a: Scrafty|Knock Off|p1a: Toxapex\n|-damage|p1a: Toxapex|75/100\n|-damage|p2a: Scrafty|80/100|[from] item: Rocky Helmet|[of] p1a: Toxapex\n|-enditem|p1a: Toxapex|Rocky Helmet|[from] move: Knock Off|[of] p2a: Scrafty\n|move|p1a: Toxapex|Toxic|p2a: Scrafty\n|-status|p2a: Scrafty|tox\n|\n|-damage|p2a: Scrafty|73/100 tox|[from] psn\n|upkeep\n|turn|23\n|\n|t:|1791305936\n|move|p2a: Scrafty|Dragon Dance|p2a: Scrafty\n|-boost|p2a: Scrafty|atk|1\n|-boost|p2a: Scrafty|spe|1\n|move|p1a: Toxapex|Toxic Spikes|p2a: Scrafty\n|-sidestart|p2: edgypunishment|move: Toxic Spikes\n|\n|-damage|p2a: Scrafty|61/100 tox|[from] psn\n|upkeep\n|turn|24\n|\n|t:|1791305945\n|move|p2a: Scrafty|Dragon Dance|p2a: Scrafty\n|-boost|p2a: Scrafty|atk|1\n|-boost|p2a: Scrafty|spe|1\n|move|p1a: Toxapex|Toxic Spikes|p2a: Scrafty\n|-sidestart|p2: edgypunishment|move: Toxic Spikes\n|\n|-damage|p2a: Scrafty|42/100 tox|[from] psn\n|upkeep\n|turn|25\n|\n|t:|1791305964\n|move|p2a: Scrafty|Dragon Dance|p2a: Scrafty\n|-boost|p2a: Scrafty|atk|1\n|-boost|p2a: Scrafty|spe|1\n|move|p1a: Toxapex|Recover|p1a: Toxapex\n|-heal|p1a: Toxapex|100/100\n|\n|-damage|p2a: Scrafty|17/100 tox|[from] psn\n|upkeep\n|turn|26\n|\n|t:|1791305974\n|move|p2a: Scrafty|Drain Punch|p1a: Toxapex\n|-resisted|p1a: Toxapex\n|-damage|p1a: Toxapex|77/100\n|-heal|p2a: Scrafty|29/100 tox|[from] drain|[of] p1a: Toxapex\n|move|p1a: Toxapex|Recover|p1a: Toxapex\n|-heal|p1a: Toxapex|100/100\n|\n|-damage|p2a: Scrafty|0 fnt|[from] psn\n|faint|p2a: Scrafty\n|upkeep\n|\n|t:|1791305985\n|switch|p2a: Toxicroak|Toxicroak, M|100/100\n|-activate|p2a: Toxicroak|move: Sticky Web\n|-unboost|p2a: Toxicroak|spe|1\n|-sideend|p2: edgypunishment|move: Toxic Spikes|[of] p2a: Toxicroak\n|turn|27\n|\n|t:|1791305999\n|move|p2a: Toxicroak|Power-Up Punch|p1a: Toxapex\n|-resisted|p1a: Toxapex\n|-damage|p1a: Toxapex|95/100\n|-boost|p2a: Toxicroak|atk|1\n|move|p1a: Toxapex|Knock Off|p2a: Toxicroak\n|-resisted|p2a: Toxicroak\n|-damage|p2a: Toxicroak|92/100\n|-enditem|p2a: Toxicroak|Rowap Berry|[from] move: Knock Off|[of] p1a: Toxapex\n|\n|upkeep\n|turn|28\n|\n|t:|1791306014\n|move|p2a: Toxicroak|Power-Up Punch|p1a: Toxapex\n|-resisted|p1a: Toxapex\n|-damage|p1a: Toxapex|87/100\n|-boost|p2a: Toxicroak|atk|1\n|move|p1a: Toxapex|Toxic Spikes|p2a: Toxicroak\n|-sidestart|p2: edgypunishment|move: Toxic Spikes\n|\n|upkeep\n|turn|29\n|\n|t:|1791306033\n|move|p2a: Toxicroak|Power-Up Punch|p1a: Toxapex\n|-resisted|p1a: Toxapex\n|-damage|p1a: Toxapex|76/100\n|-boost|p2a: Toxicroak|atk|1\n|move|p1a: Toxapex|Toxic Spikes|p2a: Toxicroak\n|-sidestart|p2: edgypunishment|move: Toxic Spikes\n|\n|upkeep\n|turn|30\n|\n|t:|1791306043\n|move|p2a: Toxicroak|Power-Up Punch|p1a: Toxapex\n|-resisted|p1a: Toxapex\n|-damage|p1a: Toxapex|63/100\n|-boost|p2a: Toxicroak|atk|1\n|move|p1a: Toxapex|Toxic|p2a: Toxicroak\n|-immune|p2a: Toxicroak\n|\n|upkeep\n|turn|31\n|\n|t:|1791306057\n|move|p2a: Toxicroak|Power-Up Punch|p1a: Toxapex\n|-resisted|p1a: Toxapex\n|-damage|p1a: Toxapex|48/100\n|-boost|p2a: Toxicroak|atk|1\n|move|p1a: Toxapex|Knock Off|p2a: Toxicroak\n|-resisted|p2a: Toxicroak\n|-damage|p2a: Toxicroak|86/100\n|\n|upkeep\n|turn|32\n|\n|t:|1791306065\n|move|p2a: Toxicroak|Poison Jab|p1a: Toxapex\n|-resisted|p1a: Toxapex\n|-damage|p1a: Toxapex|10/100\n|move|p1a: Toxapex|Knock Off|p2a: Toxicroak\n|-resisted|p2a: Toxicroak\n|-damage|p2a: Toxicroak|81/100\n|\n|upkeep\n|turn|33\n|\n|t:|1791306072\n|move|p2a: Toxicroak|Poison Jab|p1a: Toxapex\n|-resisted|p1a: Toxapex\n|-crit|p1a: Toxapex\n|-damage|p1a: Toxapex|0 fnt\n|faint|p1a: Toxapex\n|\n|upkeep\n|\n|t:|1791306075\n|switch|p1a: Tyranitar|Tyranitar, M|100/100\n|-weather|Sandstorm|[from] ability: Sand Stream|[of] p1a: Tyranitar\n|turn|34\n|\n|t:|1791306082\n|move|p1a: Tyranitar|Earthquake|p2a: Toxicroak\n|-supereffective|p2a: Toxicroak\n|-damage|p2a: Toxicroak|0 fnt\n|faint|p2a: Toxicroak\n|\n|-weather|Sandstorm|[upkeep]\n|upkeep\n|\n|t:|1791306089\n|switch|p2a: Mienshao|Mienshao, M|75/100\n|-activate|p2a: Mienshao|move: Sticky Web\n|-unboost|p2a: Mienshao|spe|1\n|-status|p2a: Mienshao|tox\n|turn|35\n|\n|t:|1791306097\n|move|p2a: Mienshao|High Jump Kick|p1a: Tyranitar\n|-supereffective|p1a: Tyranitar\n|-damage|p1a: Tyranitar|0 fnt\n|faint|p1a: Tyranitar\n|\n|win|edgypunishment\n|raw|uh huh okay1's rating: 1109 &rarr; <strong>1084</strong><br />(-25 for losing)\n|raw|edgypunishment's rating: 1108 &rarr; <strong>1133</strong><br />(+25 for winning)\n", "uploadtime": 1791306102, "views": "2", "formatid": "gen8ou", "rating": 1084, "private": 0, "password": null}