{"id": "gen8ou-2691207885", "format": "[Gen 8] OU", "players": ["keller*_*kia", "flameyee"], "log": "|j|\u2606keller*_*kia\n|j|\u2606flameyee\n|t:|1790882142\n|gametype|singles\n|player|p1|keller*_*kia|lucas|\n|player|p2|flameyee|elesa|\n|gen|8\n|tier|[Gen 8] OU\n|rule|HP Percentage Mod: HP is shown in percentages\n|rule|Endless Battle Clause: Forcing endless battles is banned\n|rule|Sleep Clause Mod: Limit one foe put to sleep\n|rule|Species Clause: Limit one of each Pok\u00e9mon\n|rule|OHKO Clause: OHKO moves are banned\n|rule|Evasion Items Clause: Evasion items are banned\n|rule|Evasion Moves Clause: Evasion moves are banned\n|rule|Dynamax Clause: You cannot dynamax\n|clearpoke\n|poke|p1|Dragapult, M|\n|poke|p1|Volcarona, M|\n|poke|p1|Rillaboom, F|\n|poke|p1|Zeraora|\n|poke|p1|Garchomp, F|\n|poke|p1|Heatran, F|\n|poke|p2|Dragapult, F|\n|poke|p2|Urshifu-*, F|\n|poke|p2|Tapu Lele|\n|poke|p2|Landorus-Therian, M|\n|poke|p2|Zapdos|\n|poke|p2|Melmetal|\n|teampreview\n|inactive|Battle timer is ON: inactive players will automatically lose when time's up. (requested by flameyee)\n|\n|t:|1790882156\n|teamsize|p1|6\n|teamsize|p2|6\n|start\n|switch|p1a: Heatran|Heatran, F|100/100\n|switch|p2a: Melmetal|Melmetal|100/100\n|-item|p1a: Heatran|Air Balloon\n|turn|1\n|inactive|flameyee has 270 seconds left.\n|\n|t:|1790882187\n|switch|p2a: Dragapult|Dragapult, F|100/100\n|move|p1a: Heatran|Stealth Rock|p2a: Dragapult\n|-sidestart|p2: flameyee|move: Stealth Rock\n|\n|upkeep\n|turn|2\n|\n|t:|1790882196\n|move|p2a: Dragapult|Shadow Ball|p1a: Heatran\n|-damage|p1a: Heatran|52/100\n|-enditem|p1a: Heatran|Air Balloon\n|move|p1a: Heatran|Steel Beam|p2a: Dragapult\n|-damage|p2a: Dragapult|0 fnt\n|faint|p2a: Dragapult\n|-damage|p1a: Heatran|2/100|[from] steelbeam\n|\n|upkeep\n|inactive|flameyee has 270 seconds left.\n|c|\u2606flameyee|tf\n|\n|t:|1790882232\n|switch|p2a: Urshifu|Urshifu-Rapid-Strike, F|100/100\n|-damage|p2a: Urshifu|94/100|[from] Stealth Rock\n|turn|3\n|\n|t:|1790882238\n|move|p2a: Urshifu|U-turn|p1a: Heatran\n|-resisted|p1a: Heatran\n|-damage|p1a: Heatran|0 fnt\n|faint|p1a: Heatran\n|\n|t:|1790882245\n|switch|p2a: Melmetal|Melmetal|100/100|[from] U-turn\n|-damage|p2a: Melmetal|94/100|[from] Stealth Rock\n|\n|-heal|p2a: Melmetal|100/100|[from] item: Leftovers\n|upkeep\n|\n|t:|1790882248\n|switch|p1a: Garchomp|Garchomp, F|100/100\n|turn|4\n|\n|t:|1790882252\n|move|p1a: Garchomp|Swords Dance|p1a: Garchomp\n|-boost|p1a: Garchomp|atk|2\n|move|p2a: Melmetal|Toxic|p1a: Garchomp\n|-status|p1a: Garchomp|tox\n|\n|-damage|p1a: Garchomp|94/100 tox|[from] psn\n|upkeep\n|turn|5\n|\n|t:|1790882260\n|move|p2a: Melmetal|Protect|p2a: Melmetal\n|-singleturn|p2a: Melmetal|Protect\n|move|p1a: Garchomp|Swords Dance|p1a: Garchomp\n|-boost|p1a: Garchomp|atk|2\n|\n|-heal|p1a: Garchomp|100/100 tox|[from] item: Leftovers\n|-damage|p1a: Garchomp|88/100 tox|[from] psn\n|upkeep\n|turn|6\n|\n|t:|1790882266\n|switch|p2a: Zapdos|Zapdos|100/100\n|move|p1a: Garchomp|Earthquake|p2a: Zapdos\n|-immune|p2a: Zapdos\n|\n|-heal|p1a: Garchomp|94/100 tox|[from] item: Leftovers\n|-damage|p1a: Garchomp|76/100 tox|[from] psn\n|upkeep\n|turn|7\n|\n|t:|1790882277\n|switch|p2a: Tapu Lele|Tapu Lele|100/100\n|-damage|p2a: Tapu Lele|88/100|[from] Stealth Rock\n|-fieldstart|move: Psychic Terrain|[from] ability: Psychic Surge|[of] p2a: Tapu Lele\n|move|p1a: Garchomp|Scale Shot|p2a: Tapu Lele\n|-immune|p2a: Tapu Lele\n|\n|-heal|p1a: Garchomp|82/100 tox|[from] item: Leftovers\n|-damage|p1a: Garchomp|57/100 tox|[from] psn\n|upkeep\n|turn|8\n|\n|t:|1790882285\n|move|p2a: Tapu Lele|Psyshock|p1a: Garchomp\n|-damage|p1a: Garchomp|2/100 tox\n|move|p1a: Garchomp|Earthquake|p2a: Tapu Lele\n|-damage|p2a: Tapu Lele|0 fnt\n|faint|p2a: Tapu Lele\n|\n|-heal|p1a: Garchomp|8/100 tox|[from] item: Leftovers\n|-damage|p1a: Garchomp|0 fnt|[from] psn\n|faint|p1a: Garchomp\n|upkeep\n|\n|t:|1790882297\n|switch|p1a: Dragapult|Dragapult, M|100/100\n|switch|p2a: Melmetal|Melmetal|100/100\n|-damage|p2a: Melmetal|94/100|[from] Stealth Rock\n|turn|9\n|\n|t:|1790882305\n|move|p2a: Melmetal|Protect|p2a: Melmetal\n|-singleturn|p2a: Melmetal|Protect\n|move|p1a: Dragapult|Thunder Wave|p2a: Melmetal\n|-activate|p2a: Melmetal|move: Protect\n|\n|-heal|p2a: Melmetal|100/100|[from] item: Leftovers\n|upkeep\n|turn|10\n|\n|t:|1790882312\n|move|p1a: Dragapult|Thunder Wave|p2a: Melmetal\n|-status|p2a: Melmetal|par\n|move|p2a: Melmetal|Double Iron Bash|p1a: Dragapult\n|-damage|p1a: Dragapult|40/100\n|-damage|p1a: Dragapult|0 fnt\n|faint|p1a: Dragapult\n|-hitcount|p1: Dragapult|2\n|\n|upkeep\n|\n|t:|1790882320\n|switch|p1a: Volcarona|Volcarona, M|100/100\n|turn|11\n|\n|t:|1790882327\n|move|p1a: Volcarona|Quiver Dance|p1a: Volcarona\n|-boost|p1a: Volcarona|spa|1\n|-boost|p1a: Volcarona|spd|1\n|-boost|p1a: Volcarona|spe|1\n|move|p2a: Melmetal|Toxic|p1a: Volcarona\n|-status|p1a: Volcarona|tox\n|\n|-damage|p1a: Volcarona|95/100 tox|[from] psn\n|-fieldend|move: Psychic Terrain\n|upkeep\n|turn|12\n|\n|t:|1790882332\n|move|p1a: Volcarona|Quiver Dance|p1a: Volcarona\n|-boost|p1a: Volcarona|spa|1\n|-boost|p1a: Volcarona|spd|1\n|-boost|p1a: Volcarona|spe|1\n|move|p2a: Melmetal|Earthquake|p1a: Volcarona\n|-damage|p1a: Volcarona|36/100 tox\n|\n|-damage|p1a: Volcarona|24/100 tox|[from] psn\n|upkeep\n|turn|13\n|\n|t:|1790882338\n|move|p2a: Melmetal|Protect|p2a: Melmetal\n|-singleturn|p2a: Melmetal|Protect\n|move|p1a: Volcarona|Flamethrower|p2a: Melmetal\n|-activate|p2a: Melmetal|move: Protect\n|\n|-damage|p1a: Volcarona|6/100 tox|[from] psn\n|upkeep\n|turn|14\n|\n|t:|1790882346\n|switch|p2a: Landorus|Landorus-Therian, M|100/100\n|-damage|p2a: Landorus|88/100|[from] Stealth Rock\n|-ability|p2a: Landorus|Intimidate|boost\n|-unboost|p1a: Volcarona|atk|1\n|move|p1a: Volcarona|Flamethrower|p2a: Landorus\n|-damage|p2a: Landorus|9/100\n|\n|-heal|p2a: Landorus|15/100|[from] item: Leftovers\n|-damage|p1a: Volcarona|0 fnt|[from] psn\n|faint|p1a: Volcarona\n|upkeep\n|\n|t:|1790882350\n|switch|p1a: Rillaboom|Rillaboom, F|100/100\n|-fieldstart|move: Grassy Terrain|[from] ability: Grassy Surge|[of] p1a: Rillaboom\n|turn|15\n|\n|t:|1790882354\n|switch|p2a: Zapdos|Zapdos|100/100\n|move|p1a: Rillaboom|Grassy Glide|p2a: Zapdos\n|-resisted|p2a: Zapdos\n|-damage|p2a: Zapdos|64/100\n|-damage|p1a: Rillaboom|91/100|[from] item: Life Orb\n|\n|-heal|p1a: Rillaboom|97/100|[from] Grassy Terrain\n|upkeep\n|turn|16\n|\n|t:|1790882358\n|switch|p1a: Zeraora|Zeraora|100/100\n|move|p2a: Zapdos|Heat Wave|p1a: Zeraora|[miss]\n|-miss|p2a: Zapdos|p1a: Zeraora\n|\n|upkeep\n|turn|17\n|\n|t:|1790882372\n|move|p1a: Zeraora|Play Rough|p2a: Zapdos\n|-damage|p2a: Zapdos|13/100\n|-unboost|p2a: Zapdos|atk|1\n|move|p2a: Zapdos|Roost|p2a: Zapdos\n|-heal|p2a: Zapdos|63/100\n|-singleturn|p2a: Zapdos|move: Roost\n|\n|-heal|p2a: Zapdos|70/100|[from] Grassy Terrain\n|upkeep\n|turn|18\n|\n|t:|1790882381\n|switch|p2a: Landorus|Landorus-Therian, M|15/100\n|-damage|p2a: Landorus|3/100|[from] Stealth Rock\n|-ability|p2a: Landorus|Intimidate|boost\n|-unboost|p1a: Zeraora|atk|1\n|move|p1a: Zeraora|Play Rough|p2a: Landorus\n|-damage|p2a: Landorus|0 fnt\n|faint|p2a: Landorus\n|\n|upkeep\n|\n|t:|1790882385\n|switch|p2a: Melmetal|Melmetal|100/100 par\n|-damage|p2a: Melmetal|94/100 par|[from] Stealth Rock\n|turn|19\n|\n|t:|1790882389\n|switch|p1a: Rillaboom|Rillaboom, F|97/100\n|move|p2a: Melmetal|Toxic|p1a: Rillaboom\n|-status|p1a: Rillaboom|tox\n|\n|-heal|p1a: Rillaboom|100/100 tox|[from] Grassy Terrain\n|-heal|p2a: Melmetal|100/100 par|[from] Grassy Terrain\n|-damage|p1a: Rillaboom|94/100 tox|[from] psn\n|-fieldend|move: Grassy Terrain\n|upkeep\n|turn|20\n|\n|t:|1790882396\n|switch|p1a: Zeraora|Zeraora|100/100\n|move|p2a: Melmetal|Protect||[still]\n|-fail|p2a: Melmetal\n|\n|upkeep\n|turn|21\n|\n|t:|1790882401\n|move|p1a: Zeraora|Close Combat|p2a: Melmetal\n|-supereffective|p2a: Melmetal\n|-damage|p2a: Melmetal|32/100 par\n|-unboost|p1a: Zeraora|def|1\n|-unboost|p1a: Zeraora|spd|1\n|move|p2a: Melmetal|Earthquake|p1a: Zeraora\n|-supereffective|p1a: Zeraora\n|-damage|p1a: Zeraora|0 fnt\n|faint|p1a: Zeraora\n|\n|-heal|p2a: Melmetal|38/100 par|[from] item: Leftovers\n|upkeep\n|\n|t:|1790882404\n|switch|p1a: Rillaboom|Rillaboom, F|94/100 tox\n|-fieldstart|move: Grassy Terrain|[from] ability: Grassy Surge|[of] p1a: Rillaboom\n|turn|22\n|\n|t:|1790882407\n|move|p2a: Melmetal|Protect|p2a: Melmetal\n|-singleturn|p2a: Melmetal|Protect\n|move|p1a: Rillaboom|Swords Dance|p1a: Rillaboom\n|-boost|p1a: Rillaboom|atk|2\n|\n|-heal|p1a: Rillaboom|100/100 tox|[from] Grassy Terrain\n|-heal|p2a: Melmetal|45/100 par|[from] Grassy Terrain\n|-heal|p2a: Melmetal|51/100 par|[from] item: Leftovers\n|-damage|p1a: Rillaboom|94/100 tox|[from] psn\n|upkeep\n|turn|23\n|\n|t:|1790882411\n|move|p1a: Rillaboom|Superpower|p2a: Melmetal\n|-supereffective|p2a: Melmetal\n|-damage|p2a: Melmetal|0 fnt\n|-unboost|p1a: Rillaboom|atk|1\n|-unboost|p1a: Rillaboom|def|1\n|faint|p2a: Melmetal\n|-damage|p1a: Rillaboom|85/100 tox|[from] item: Life Orb\n|\n|-heal|p1a: Rillaboom|91/100 tox|[from] Grassy Terrain\n|-damage|p1a: Rillaboom|79/100 tox|[from] psn\n|upkeep\n|\n|t:|1790882417\n|switch|p2a: Zapdos|Zapdos|70/100\n|turn|24\n|\n|t:|1790882421\n|move|p1a: Rillaboom|Grassy Glide|p2a: Zapdos\n|-resisted|p2a: Zapdos\n|-damage|p2a: Zapdos|5/100\n|-damage|p1a: Rillaboom|69/100 tox|[from] item: Life Orb\n|move|p2a: Zapdos|Heat Wave|p1a: Rillaboom\n|-supereffective|p1a: Rillaboom\n|-damage|p1a: Rillaboom|0 fnt\n|faint|p1a: Rillaboom\n|\n|win|flameyee\n|c|\u2606flameyee|gg\n|l|\u2606keller*_*kia\n|player|p1|\n", "uploadtime": 1790882427, "views": "26", "formatid": "gen8ou", "rating": null, "private": 0, "password": null}