{"id": "gen8ou-2688035211", "format": "[Gen 8] OU", "players": ["Jnho", "457 get rekt \u25c9"], "log": "|j|\u2606Jnho\n|j|\u2606457 get rekt \u25c9\n|t:|1790395883\n|gametype|singles\n|player|p1|Jnho|clerk|\n|player|p2|457 get rekt \u25c9|ingo|\n|gen|8\n|tier|[Gen 8] OU\n|rated|Tournament battle\n|rule|HP Percentage Mod: HP is shown in percentages\n|rule|Endless Battle Clause: Forcing endless battles is banned\n|rule|Sleep Clause Mod: Limit one foe put to sleep\n|rule|Species Clause: Limit one of each Pok\u00e9mon\n|rule|OHKO Clause: OHKO moves are banned\n|rule|Evasion Items Clause: Evasion items are banned\n|rule|Evasion Moves Clause: Evasion moves are banned\n|rule|Dynamax Clause: You cannot dynamax\n|clearpoke\n|poke|p1|Glastrier|\n|poke|p1|Cursola, M|\n|poke|p1|Slowbro-Galar, F|\n|poke|p1|Melmetal|\n|poke|p1|Landorus-Therian, M|\n|poke|p1|Rhyperior, M|\n|poke|p2|Slowking-Galar, M|\n|poke|p2|Toxapex, M|\n|poke|p2|Gengar, M|\n|poke|p2|Nihilego|\n|poke|p2|Nidoking, M|\n|poke|p2|Amoonguss, M|\n|teampreview\n|j| BB-8-NU\n|inactive|Battle timer is ON: inactive players will automatically lose when time's up. (requested by Jnho)\n|c|\u2606Jnho|glhf\n|c|\u2606Jnho|sorry for the degeneracy\n|\n|t:|1790395902\n|teamsize|p1|6\n|teamsize|p2|6\n|start\n|switch|p1a: That dawg in you|Landorus-Therian, M|100/100\n|switch|p2a: Amoonguss|Amoonguss, M, shiny|100/100\n|-ability|p1a: That dawg in you|Intimidate|boost\n|-unboost|p2a: Amoonguss|atk|1\n|turn|1\n|j| lifetouches\n|\n|t:|1790395913\n|switch|p2a: Nihilego|Nihilego, shiny|100/100\n|-item|p2a: Nihilego|Air Balloon\n|move|p1a: That dawg in you|Stealth Rock|p2a: Nihilego\n|-sidestart|p2: 457 get rekt \u25c9|move: Stealth Rock\n|\n|upkeep\n|turn|2\n|\n|t:|1790395924\n|move|p1a: That dawg in you|U-turn|p2a: Nihilego\n|-resisted|p2a: Nihilego\n|-damage|p2a: Nihilego|82/100\n|-enditem|p2a: Nihilego|Air Balloon\n|\n|t:|1790395934\n|switch|p1a: Slots|Melmetal|100/100|[from] U-turn\n|move|p2a: Nihilego|Foul Play|p1a: Slots\n|-damage|p1a: Slots|79/100\n|\n|upkeep\n|turn|3\n|c| lifetouches|yo wtf\n|c| lifetouches|why is slow\n|c|\u2606Jnho|its not\n|c|\u2606Jnho|some of the time\n|\n|t:|1790395967\n|switch|p2a: Nidoking|Nidoking, M, shiny|100/100\n|-damage|p2a: Nidoking|94/100|[from] Stealth Rock\n|move|p1a: Slots|High Horsepower|p2a: Nidoking\n|-supereffective|p2a: Nidoking\n|-damage|p2a: Nidoking|0 fnt\n|faint|p2a: Nidoking\n|\n|upkeep\n|inactive|457 get rekt \u25c9 has 120 seconds left.\n|c|\u2606457 get rekt \u25c9|ow\n|inactive|457 get rekt \u25c9 has 90 seconds left.\n|c|\u2606457 get rekt \u25c9|probably should'nt be running mono poison in a format with landorus\n|c| lifetouches|wait doesnt melmeta learn EQ\n|\n|t:|1790396031\n|switch|p2a: Gengar|Gengar, M, shiny|100/100\n|-damage|p2a: Gengar|88/100|[from] Stealth Rock\n|turn|4\n|inactive|Jnho has 120 seconds left.\n|c|\u2606Jnho|nope\n|\n|t:|1790396072\n|move|p2a: Gengar|Poltergeist|p1a: Slots\n|-activate|p1a: Slots|move: Poltergeist|Quick Claw\n|-damage|p1a: Slots|57/100\n|move|p1a: Slots|Double Iron Bash|p2a: Gengar\n|-damage|p2a: Gengar|28/100\n|-start|p1a: Slots|Disable|Double Iron Bash|[from] ability: Cursed Body|[of] p2a: Gengar\n|-damage|p2a: Gengar|0 fnt\n|faint|p2a: Gengar\n|-hitcount|p2: Gengar|2\n|\n|upkeep\n|inactive|457 get rekt \u25c9 has 60 seconds left.\n|c|\u2606Jnho|its fitting tho\n|\n|t:|1790396103\n|switch|p2a: Amoonguss|Amoonguss, M, shiny|100/100\n|-damage|p2a: Amoonguss|88/100|[from] Stealth Rock\n|turn|5\n|\n|t:|1790396108\n|move|p1a: Slots|Ice Punch|p2a: Amoonguss\n|-supereffective|p2a: Amoonguss\n|-damage|p2a: Amoonguss|32/100\n|move|p2a: Amoonguss|Spore|p1a: Slots\n|-status|p1a: Slots|slp|[from] move: Spore\n|\n|-heal|p2a: Amoonguss|38/100|[from] item: Leftovers\n|upkeep\n|turn|6\n|inactive|Jnho has 120 seconds left.\n|\n|t:|1790396117\n|switch|p1a: RusianRoulette(ge)|Slowbro-Galar, F|100/100\n|move|p2a: Amoonguss|Foul Play|p1a: RusianRoulette(ge)\n|-supereffective|p1a: RusianRoulette(ge)\n|-damage|p1a: RusianRoulette(ge)|64/100\n|\n|-heal|p2a: Amoonguss|44/100|[from] item: Leftovers\n|upkeep\n|turn|7\n|inactive|Jnho has 120 seconds left.\n|\n|t:|1790396128\n|switch|p1a: That dawg in you|Landorus-Therian, M|100/100\n|-ability|p1a: That dawg in you|Intimidate|boost\n|-unboost|p2a: Amoonguss|atk|1\n|move|p2a: Amoonguss|Foul Play|p1a: That dawg in you\n|-damage|p1a: That dawg in you|70/100\n|\n|-heal|p2a: Amoonguss|50/100|[from] item: Leftovers\n|upkeep\n|turn|8\n|\n|t:|1790396137\n|switch|p2a: Nihilego|Nihilego, shiny|82/100\n|-damage|p2a: Nihilego|69/100|[from] Stealth Rock\n|move|p1a: That dawg in you|Knock Off|p2a: Nihilego\n|-damage|p2a: Nihilego|33/100\n|\n|upkeep\n|turn|9\n|\n|t:|1790396152\n|move|p1a: That dawg in you|Earthquake|p2a: Nihilego\n|-supereffective|p2a: Nihilego\n|-damage|p2a: Nihilego|0 fnt\n|faint|p2a: Nihilego\n|\n|upkeep\n|\n|t:|1790396158\n|switch|p2a: Slowking|Slowking-Galar, M, shiny|100/100\n|-damage|p2a: Slowking|88/100|[from] Stealth Rock\n|turn|10\n|\n|t:|1790396165\n|switch|p2a: Amoonguss|Amoonguss, M, shiny|84/100\n|-damage|p2a: Amoonguss|71/100|[from] Stealth Rock\n|move|p1a: That dawg in you|Knock Off|p2a: Amoonguss\n|-damage|p2a: Amoonguss|46/100\n|-enditem|p2a: Amoonguss|Leftovers|[from] move: Knock Off|[of] p1a: That dawg in you\n|\n|upkeep\n|turn|11\n|\n|t:|1790396175\n|move|p1a: That dawg in you|U-turn|p2a: Amoonguss\n|-damage|p2a: Amoonguss|29/100\n|\n|t:|1790396179\n|switch|p1a: RusianRoulette(ge)|Slowbro-Galar, F|64/100|[from] U-turn\n|move|p2a: Amoonguss|Toxic|p1a: RusianRoulette(ge)\n|-immune|p1a: RusianRoulette(ge)\n|\n|upkeep\n|turn|12\n|\n|t:|1790396187\n|move|p1a: RusianRoulette(ge)|Nasty Plot|p1a: RusianRoulette(ge)\n|-boost|p1a: RusianRoulette(ge)|spa|2\n|move|p2a: Amoonguss|Foul Play|p1a: RusianRoulette(ge)\n|-supereffective|p1a: RusianRoulette(ge)\n|-damage|p1a: RusianRoulette(ge)|29/100\n|\n|upkeep\n|turn|13\n|inactive|457 get rekt \u25c9 has 90 seconds left.\n|-activate|p1a: RusianRoulette(ge)|ability: Quick Draw\n|\n|t:|1790396194\n|move|p1a: RusianRoulette(ge)|Flamethrower|p2a: Amoonguss\n|-supereffective|p2a: Amoonguss\n|-crit|p2a: Amoonguss\n|-damage|p2a: Amoonguss|0 fnt\n|faint|p2a: Amoonguss\n|\n|upkeep\n|inactive|457 get rekt \u25c9 has 90 seconds left.\n|\n|t:|1790396202\n|switch|p2a: Toxapex|Toxapex, M, shiny|100/100\n|-damage|p2a: Toxapex|88/100|[from] Stealth Rock\n|turn|14\n|\n|t:|1790396210\n|switch|p1a: RusianRoulette(be)|Cursola, M|100/100\n|move|p2a: Toxapex|Hex|p1a: RusianRoulette(be)\n|-supereffective|p1a: RusianRoulette(be)\n|-damage|p1a: RusianRoulette(be)|84/100\n|\n|-heal|p2a: Toxapex|94/100|[from] item: Leftovers\n|upkeep\n|turn|15\n|-activate|p1a: RusianRoulette(be)|item: Quick Claw\n|\n|t:|1790396221\n|move|p2a: Toxapex|Baneful Bunker|p2a: Toxapex\n|-singleturn|p2a: Toxapex|move: Protect\n|move|p1a: RusianRoulette(be)|Earth Power|p2a: Toxapex\n|-activate|p2a: Toxapex|move: Protect\n|\n|-heal|p2a: Toxapex|100/100|[from] item: Leftovers\n|upkeep\n|turn|16\n|\n|t:|1790396230\n|move|p1a: RusianRoulette(be)|Earth Power|p2a: Toxapex\n|-supereffective|p2a: Toxapex\n|-damage|p2a: Toxapex|41/100\n|move|p2a: Toxapex|Gunk Shot|p1a: RusianRoulette(be)\n|-resisted|p1a: RusianRoulette(be)\n|-damage|p1a: RusianRoulette(be)|47/100\n|-ability|p1a: RusianRoulette(be)|Weak Armor|boost\n|-unboost|p1a: RusianRoulette(be)|def|1\n|-boost|p1a: RusianRoulette(be)|spe|2\n|\n|-heal|p2a: Toxapex|47/100|[from] item: Leftovers\n|upkeep\n|turn|17\n|-activate|p1a: RusianRoulette(be)|item: Quick Claw\n|\n|t:|1790396240\n|move|p1a: RusianRoulette(be)|Earth Power|p2a: Toxapex\n|-supereffective|p2a: Toxapex\n|-damage|p2a: Toxapex|0 fnt\n|faint|p2a: Toxapex\n|\n|upkeep\n|\n|t:|1790396246\n|switch|p2a: Slowking|Slowking-Galar, M, shiny|100/100\n|-damage|p2a: Slowking|88/100|[from] Stealth Rock\n|turn|18\n|c|\u2606457 get rekt \u25c9|ggs\n|c|\u2606Jnho|ggs\n|\n|t:|1790396257\n|switch|p1a: Jockey|Glastrier|100/100\n|move|p2a: Slowking|Eerie Spell|p1a: Jockey\n|-damage|p1a: Jockey|68/100\n|\n|-heal|p2a: Slowking|94/100|[from] item: Leftovers\n|upkeep\n|turn|19\n|\n|t:|1790396270\n|move|p1a: Jockey|High Horsepower|p2a: Slowking\n|-supereffective|p2a: Slowking\n|-damage|p2a: Slowking|6/100\n|move|p2a: Slowking|Trick Room|p2a: Slowking\n|-fieldstart|move: Trick Room|[of] p2a: Slowking\n|\n|-heal|p2a: Slowking|12/100|[from] item: Leftovers\n|upkeep\n|turn|20\n|\n|t:|1790396284\n|move|p2a: Slowking|Sludge Bomb|p1a: Jockey\n|-damage|p1a: Jockey|32/100\n|-status|p1a: Jockey|psn\n|move|p1a: Jockey|High Horsepower|p2a: Slowking\n|-supereffective|p2a: Slowking\n|-damage|p2a: Slowking|0 fnt\n|faint|p2a: Slowking\n|\n|win|Jnho\n|n|\u2606Jnho|jnho\n|n|\u2606457 get rekt \u25c9|457getrekt\n|n| BB-8-NU|bb8nu\n|n| lifetouches|lifetouches\n", "uploadtime": 1790396284, "views": "7", "formatid": "gen8ou", "rating": null, "private": 0, "password": null}