{"id": "gen8ou-2688017252", "format": "[Gen 8] OU", "players": ["Seismicross", "Infernoss"], "log": "|j|\u2606Seismicross\n|j|\u2606Infernoss\n|t:|1790392555\n|gametype|singles\n|player|p1|Seismicross|102|1036\n|player|p2|Infernoss|pokemonrangerf-gen4|1355\n|gen|8\n|tier|[Gen 8] OU\n|rated|\n|rule|HP Percentage Mod: HP is shown in percentages\n|rule|Endless Battle Clause: Forcing endless battles is banned\n|rule|Sleep Clause Mod: Limit one foe put to sleep\n|rule|Species Clause: Limit one of each Pok\u00e9mon\n|rule|OHKO Clause: OHKO moves are banned\n|rule|Evasion Items Clause: Evasion items are banned\n|rule|Evasion Moves Clause: Evasion moves are banned\n|rule|Dynamax Clause: You cannot dynamax\n|clearpoke\n|poke|p1|Rotom-Wash|\n|poke|p1|Weavile, M|\n|poke|p1|Landorus-Therian, M|\n|poke|p1|Heatran, M|\n|poke|p1|Tangrowth, F|\n|poke|p1|Melmetal|\n|poke|p2|Rotom-Wash|\n|poke|p2|Slowking-Galar, F|\n|poke|p2|Landorus-Therian, M|\n|poke|p2|Grimmsnarl, M|\n|poke|p2|Tapu Bulu|\n|poke|p2|Keldeo-Resolute|\n|teampreview\n|inactive|Battle timer is ON: inactive players will automatically lose when time's up. (requested by Seismicross)\n|\n|t:|1790392584\n|teamsize|p1|6\n|teamsize|p2|6\n|start\n|switch|p1a: Heatran|Heatran, M|100/100\n|switch|p2a: Washy|Rotom-Wash|100/100\n|-item|p1a: Heatran|Air Balloon\n|turn|1\n|\n|t:|1790392598\n|switch|p1a: Tangrowth|Tangrowth, F|100/100\n|move|p2a: Washy|Hydro Pump|p1a: Tangrowth\n|-resisted|p1a: Tangrowth\n|-damage|p1a: Tangrowth|72/100\n|\n|upkeep\n|turn|2\n|\n|t:|1790392619\n|move|p2a: Washy|Will-O-Wisp|p1a: Tangrowth\n|-status|p1a: Tangrowth|brn\n|move|p1a: Tangrowth|Sleep Powder|p2a: Washy\n|-status|p2a: Washy|slp|[from] move: Sleep Powder\n|-enditem|p2a: Washy|Chesto Berry|[eat]\n|-curestatus|p2a: Washy|slp|[msg]\n|\n|-damage|p1a: Tangrowth|66/100 brn|[from] brn\n|upkeep\n|turn|3\n|\n|t:|1790392631\n|switch|p2a: Tapu Boludo|Tapu Bulu|100/100\n|-fieldstart|move: Grassy Terrain|[from] ability: Grassy Surge|[of] p2a: Tapu Boludo\n|move|p1a: Tangrowth|Giga Drain|p2a: Tapu Boludo\n|-resisted|p2a: Tapu Boludo\n|-damage|p2a: Tapu Boludo|82/100\n|-heal|p1a: Tangrowth|73/100 brn|[from] drain|[of] p2a: Tapu Boludo\n|\n|-heal|p2a: Tapu Boludo|88/100|[from] Grassy Terrain\n|-heal|p2a: Tapu Boludo|95/100|[from] item: Leftovers\n|-heal|p1a: Tangrowth|79/100 brn|[from] Grassy Terrain\n|-damage|p1a: Tangrowth|73/100 brn|[from] brn\n|upkeep\n|turn|4\n|\n|t:|1790392651\n|switch|p2a: Fiero|Landorus-Therian, M|100/100\n|-ability|p2a: Fiero|Intimidate|boost\n|-unboost|p1a: Tangrowth|atk|1\n|switch|p1a: Heatran|Heatran, M|100/100\n|-item|p1a: Heatran|Air Balloon\n|\n|upkeep\n|turn|5\n|inactive|Seismicross has 120 seconds left.\n|\n|t:|1790392673\n|move|p2a: Fiero|Stealth Rock|p1a: Heatran\n|-sidestart|p1: Seismicross|move: Stealth Rock\n|move|p1a: Heatran|Magma Storm|p2a: Fiero\n|-crit|p2a: Fiero\n|-damage|p2a: Fiero|25/100\n|-activate|p2a: Fiero|move: Magma Storm|[of] p1a: Heatran\n|\n|-heal|p2a: Fiero|31/100|[from] item: Leftovers\n|-damage|p2a: Fiero|18/100|[from] move: Magma Storm|[partiallytrapped]\n|upkeep\n|turn|6\n|inactive|Seismicross has 120 seconds left.\n|c|\u2606Infernoss|lol\n|\n|t:|1790392683\n|move|p2a: Fiero|Knock Off|p1a: Heatran\n|-damage|p1a: Heatran|67/100\n|-enditem|p1a: Heatran|Air Balloon\n|move|p1a: Heatran|Eruption|p2a: Fiero\n|-damage|p2a: Fiero|0 fnt\n|faint|p2a: Fiero\n|\n|-heal|p1a: Heatran|73/100|[from] Grassy Terrain\n|upkeep\n|\n|t:|1790392692\n|switch|p2a: Powny|Keldeo-Resolute|100/100\n|turn|7\n|inactive|Seismicross has 120 seconds left.\n|\n|t:|1790392713\n|switch|p1a: Melmetal|Melmetal|100/100\n|-damage|p1a: Melmetal|94/100|[from] Stealth Rock\n|move|p2a: Powny|Calm Mind|p2a: Powny\n|-boost|p2a: Powny|spa|1\n|-boost|p2a: Powny|spd|1\n|\n|-heal|p1a: Melmetal|100/100|[from] Grassy Terrain\n|-fieldend|move: Grassy Terrain\n|upkeep\n|turn|8\n|\n|t:|1790392732\n|switch|p2a: Washy|Rotom-Wash|100/100\n|move|p1a: Melmetal|Thunder Punch|p2a: Washy\n|-damage|p2a: Washy|74/100\n|\n|upkeep\n|turn|9\n|\n|t:|1790392750\n|switch|p1a: Tangrowth|Tangrowth, F|100/100 brn\n|-damage|p1a: Tangrowth|88/100 brn|[from] Stealth Rock\n|move|p2a: Washy|Thunderbolt|p1a: Tangrowth\n|-resisted|p1a: Tangrowth\n|-damage|p1a: Tangrowth|63/100 brn\n|\n|-damage|p1a: Tangrowth|57/100 brn|[from] brn\n|upkeep\n|turn|10\n|\n|t:|1790392768\n|switch|p2a: Trollero|Grimmsnarl, M|100/100\n|move|p1a: Tangrowth|Sleep Powder|p2a: Trollero\n|-status|p2a: Trollero|slp|[from] move: Sleep Powder\n|\n|-damage|p1a: Tangrowth|51/100 brn|[from] brn\n|upkeep\n|turn|11\n|\n|t:|1790392778\n|cant|p2a: Trollero|slp\n|move|p1a: Tangrowth|Knock Off|p2a: Trollero\n|-resisted|p2a: Trollero\n|-damage|p2a: Trollero|97/100 slp\n|-enditem|p2a: Trollero|Light Clay|[from] move: Knock Off|[of] p1a: Tangrowth\n|\n|-damage|p1a: Tangrowth|45/100 brn|[from] brn\n|upkeep\n|turn|12\n|\n|t:|1790392791\n|switch|p1a: Rotom|Rotom-Wash|100/100\n|-damage|p1a: Rotom|88/100|[from] Stealth Rock\n|cant|p2a: Trollero|slp\n|\n|-heal|p1a: Rotom|94/100|[from] item: Leftovers\n|upkeep\n|turn|13\n|\n|t:|1790392801\n|cant|p2a: Trollero|slp\n|move|p1a: Rotom|Nasty Plot|p1a: Rotom\n|-boost|p1a: Rotom|spa|2\n|\n|-heal|p1a: Rotom|100/100|[from] item: Leftovers\n|upkeep\n|turn|14\n|inactive|Seismicross has 120 seconds left.\n|\n|t:|1790392817\n|-curestatus|p2a: Trollero|slp|[msg]\n|move|p2a: Trollero|Light Screen|p2a: Trollero\n|-sidestart|p2: Infernoss|move: Light Screen\n|move|p1a: Rotom|Hydro Pump|p2a: Trollero\n|-damage|p2a: Trollero|67/100\n|\n|upkeep\n|turn|15\n|\n|t:|1790392826\n|switch|p2a: Toxica|Slowking-Galar, F, shiny|100/100\n|move|p1a: Rotom|Nasty Plot|p1a: Rotom\n|-boost|p1a: Rotom|spa|2\n|\n|upkeep\n|turn|16\n|inactive|Seismicross has 120 seconds left.\n|\n|t:|1790392839\n|move|p1a: Rotom|Hydro Pump|p2a: Toxica\n|-damage|p2a: Toxica|61/100\n|move|p2a: Toxica|Nasty Plot|p2a: Toxica\n|-boost|p2a: Toxica|spa|2\n|\n|upkeep\n|turn|17\n|inactive|Seismicross has 120 seconds left.\n|\n|t:|1790392861\n|move|p1a: Rotom|Nasty Plot|p1a: Rotom\n|-boost|p1a: Rotom|spa|2\n|move|p2a: Toxica|Sludge Bomb|p1a: Rotom\n|-damage|p1a: Rotom|25/100\n|\n|-heal|p1a: Rotom|31/100|[from] item: Leftovers\n|upkeep\n|turn|18\n|\n|t:|1790392872\n|move|p1a: Rotom|Hydro Pump|p2a: Toxica\n|-damage|p2a: Toxica|13/100\n|move|p2a: Toxica|Psyshock|p1a: Rotom\n|-damage|p1a: Rotom|0 fnt\n|faint|p1a: Rotom\n|\n|-sideend|p2: Infernoss|move: Light Screen\n|upkeep\n|\n|t:|1790392886\n|switch|p1a: Melmetal|Melmetal|100/100\n|-damage|p1a: Melmetal|94/100|[from] Stealth Rock\n|turn|19\n|\n|t:|1790392891\n|switch|p2a: Washy|Rotom-Wash|74/100\n|move|p1a: Melmetal|Double Iron Bash|p2a: Washy\n|-resisted|p2a: Washy\n|-damage|p2a: Washy|66/100\n|-resisted|p2a: Washy\n|-damage|p2a: Washy|58/100\n|-hitcount|p2a: Washy|2\n|\n|upkeep\n|turn|20\n|inactive|Seismicross has 120 seconds left.\n|\n|t:|1790392905\n|switch|p1a: Tangrowth|Tangrowth, F|78/100 brn\n|-damage|p1a: Tangrowth|65/100 brn|[from] Stealth Rock\n|move|p2a: Washy|Hydro Pump|p1a: Tangrowth|[miss]\n|-miss|p2a: Washy|p1a: Tangrowth\n|\n|-damage|p1a: Tangrowth|59/100 brn|[from] brn\n|upkeep\n|turn|21\n|inactive|Seismicross has 120 seconds left.\n|\n|t:|1790392918\n|switch|p2a: Tapu Boludo|Tapu Bulu|95/100\n|-fieldstart|move: Grassy Terrain|[from] ability: Grassy Surge|[of] p2a: Tapu Boludo\n|switch|p1a: Landorus|Landorus-Therian, M|100/100\n|-damage|p1a: Landorus|88/100|[from] Stealth Rock\n|-ability|p1a: Landorus|Intimidate|boost\n|-unboost|p2a: Tapu Boludo|atk|1\n|\n|-heal|p1a: Landorus|94/100|[from] item: Leftovers\n|-heal|p2a: Tapu Boludo|100/100|[from] Grassy Terrain\n|upkeep\n|turn|22\n|inactive|Seismicross has 120 seconds left.\n|\n|t:|1790392933\n|switch|p2a: Powny|Keldeo-Resolute|100/100\n|move|p1a: Landorus|Defog|p2a: Powny\n|-unboost|p2a: Powny|evasion|1\n|-sideend|p1: Seismicross|Stealth Rock|[from] move: Defog|[of] p1a: Landorus\n|-fieldend|move: Grassy Terrain\n|\n|-heal|p1a: Landorus|99/100|[from] item: Leftovers\n|upkeep\n|turn|23\n|inactive|Seismicross has 120 seconds left.\n|\n|t:|1790392944\n|move|p2a: Powny|Substitute|p2a: Powny\n|-start|p2a: Powny|Substitute\n|-damage|p2a: Powny|75/100\n|move|p1a: Landorus|Toxic||[still]\n|-fail|p1a: Landorus\n|\n|-heal|p2a: Powny|82/100|[from] item: Leftovers\n|-heal|p1a: Landorus|100/100|[from] item: Leftovers\n|upkeep\n|turn|24\n|inactive|Seismicross has 120 seconds left.\n|\n|t:|1790392953\n|move|p2a: Powny|Scald|p1a: Landorus\n|-supereffective|p1a: Landorus\n|-damage|p1a: Landorus|40/100\n|move|p1a: Landorus|U-turn|p2a: Powny\n|-resisted|p2a: Powny\n|-activate|p2a: Powny|move: Substitute|[damage]\n|inactive|Seismicross has 120 seconds left.\n|\n|t:|1790392966\n|switch|p1a: Tangrowth|Tangrowth, F|92/100 brn|[from] U-turn\n|\n|-heal|p2a: Powny|88/100|[from] item: Leftovers\n|-damage|p1a: Tangrowth|86/100 brn|[from] brn\n|upkeep\n|turn|25\n|inactive|Seismicross has 120 seconds left.\n|\n|t:|1790392973\n|move|p2a: Powny|Secret Sword|p1a: Tangrowth\n|-damage|p1a: Tangrowth|61/100 brn\n|move|p1a: Tangrowth|Giga Drain|p2a: Powny\n|-supereffective|p2a: Powny\n|-end|p2a: Powny|Substitute\n|-heal|p1a: Tangrowth|67/100 brn|[from] drain|[of] p2a: Powny\n|\n|-heal|p2a: Powny|94/100|[from] item: Leftovers\n|-damage|p1a: Tangrowth|61/100 brn|[from] brn\n|upkeep\n|turn|26\n|inactive|Seismicross has 120 seconds left.\n|\n|t:|1790392985\n|switch|p2a: Toxica|Slowking-Galar, F, shiny|47/100\n|move|p1a: Tangrowth|Giga Drain|p2a: Toxica\n|-resisted|p2a: Toxica\n|-damage|p2a: Toxica|38/100\n|-heal|p1a: Tangrowth|65/100 brn|[from] drain|[of] p2a: Toxica\n|\n|-damage|p1a: Tangrowth|59/100 brn|[from] brn\n|upkeep\n|turn|27\n|inactive|Seismicross has 120 seconds left.\n|\n|t:|1790392998\n|switch|p1a: Melmetal|Melmetal|94/100\n|switch|p2a: Tapu Boludo|Tapu Bulu|100/100\n|-fieldstart|move: Grassy Terrain|[from] ability: Grassy Surge|[of] p2a: Tapu Boludo\n|\n|-heal|p1a: Melmetal|100/100|[from] Grassy Terrain\n|upkeep\n|turn|28\n|inactive|Seismicross has 120 seconds left.\n|\n|t:|1790393010\n|switch|p2a: Washy|Rotom-Wash|58/100\n|move|p1a: Melmetal|Ice Punch|p2a: Washy\n|-resisted|p2a: Washy\n|-damage|p2a: Washy|46/100\n|\n|upkeep\n|turn|29\n|inactive|Seismicross has 120 seconds left.\n|\n|t:|1790393024\n|move|p2a: Washy|Will-O-Wisp|p1a: Melmetal|[miss]\n|-miss|p2a: Washy|p1a: Melmetal\n|move|p1a: Melmetal|Thunder Punch|p2a: Washy\n|-damage|p2a: Washy|17/100\n|\n|upkeep\n|turn|30\n|inactive|Seismicross has 120 seconds left.\n|c|\u2606Infernoss|lol\n|\n|t:|1790393037\n|switch|p1a: Landorus|Landorus-Therian, M|40/100\n|-ability|p1a: Landorus|Intimidate|boost\n|-unboost|p2a: Washy|atk|1\n|move|p2a: Washy|Rest|p2a: Washy\n|-status|p2a: Washy|slp|[from] move: Rest\n|-heal|p2a: Washy|100/100 slp|[silent]\n|\n|-heal|p1a: Landorus|46/100|[from] item: Leftovers\n|upkeep\n|turn|31\n|inactive|Seismicross has 120 seconds left.\n|\n|t:|1790393052\n|move|p1a: Landorus|Toxic||[still]\n|-fail|p1a: Landorus\n|cant|p2a: Washy|slp\n|\n|-heal|p1a: Landorus|52/100|[from] item: Leftovers\n|-fieldend|move: Grassy Terrain\n|upkeep\n|turn|32\n|\n|t:|1790393060\n|move|p1a: Landorus|U-turn|p2a: Washy\n|-damage|p2a: Washy|83/100 slp\n|\n|t:|1790393069\n|switch|p1a: Tangrowth|Tangrowth, F|92/100 brn|[from] U-turn\n|cant|p2a: Washy|slp\n|\n|-damage|p1a: Tangrowth|86/100 brn|[from] brn\n|upkeep\n|turn|33\n|\n|t:|1790393084\n|switch|p2a: Tapu Boludo|Tapu Bulu|100/100\n|-fieldstart|move: Grassy Terrain|[from] ability: Grassy Surge|[of] p2a: Tapu Boludo\n|move|p1a: Tangrowth|Knock Off|p2a: Tapu Boludo\n|-resisted|p2a: Tapu Boludo\n|-damage|p2a: Tapu Boludo|95/100\n|-enditem|p2a: Tapu Boludo|Leftovers|[from] move: Knock Off|[of] p1a: Tangrowth\n|\n|-heal|p2a: Tapu Boludo|100/100|[from] Grassy Terrain\n|-heal|p1a: Tangrowth|92/100 brn|[from] Grassy Terrain\n|-damage|p1a: Tangrowth|86/100 brn|[from] brn\n|upkeep\n|turn|34\n|inactive|Seismicross has 120 seconds left.\n|\n|t:|1790393110\n|switch|p2a: Trollero|Grimmsnarl, M|67/100\n|switch|p1a: Heatran|Heatran, M|73/100\n|\n|-heal|p1a: Heatran|79/100|[from] Grassy Terrain\n|-heal|p2a: Trollero|73/100|[from] Grassy Terrain\n|upkeep\n|turn|35\n|inactive|Seismicross has 120 seconds left.\n|\n|t:|1790393125\n|move|p2a: Trollero|Taunt|p1a: Heatran\n|-start|p1a: Heatran|move: Taunt\n|move|p1a: Heatran|Magma Storm|p2a: Trollero\n|-damage|p2a: Trollero|32/100\n|-activate|p2a: Trollero|move: Magma Storm|[of] p1a: Heatran\n|\n|-heal|p1a: Heatran|85/100|[from] Grassy Terrain\n|-heal|p2a: Trollero|38/100|[from] Grassy Terrain\n|-damage|p2a: Trollero|25/100|[from] move: Magma Storm|[partiallytrapped]\n|upkeep\n|turn|36\n|inactive|Seismicross has 120 seconds left.\n|inactive|Infernoss has 120 seconds left.\n|\n|t:|1790393157\n|move|p2a: Trollero|Light Screen|p2a: Trollero\n|-sidestart|p2: Infernoss|move: Light Screen\n|move|p1a: Heatran|Earth Power|p2a: Trollero\n|-damage|p2a: Trollero|14/100\n|\n|-heal|p1a: Heatran|92/100|[from] Grassy Terrain\n|-heal|p2a: Trollero|20/100|[from] Grassy Terrain\n|-damage|p2a: Trollero|8/100|[from] move: Magma Storm|[partiallytrapped]\n|upkeep\n|turn|37\n|\n|t:|1790393170\n|move|p2a: Trollero|Reflect|p2a: Trollero\n|-sidestart|p2: Infernoss|Reflect\n|move|p1a: Heatran|Eruption|p2a: Trollero\n|-damage|p2a: Trollero|0 fnt\n|faint|p2a: Trollero\n|\n|-heal|p1a: Heatran|98/100|[from] Grassy Terrain\n|-end|p1a: Heatran|move: Taunt\n|-fieldend|move: Grassy Terrain\n|upkeep\n|\n|t:|1790393178\n|switch|p2a: Powny|Keldeo-Resolute|94/100\n|turn|38\n|\n|t:|1790393188\n|move|p2a: Powny|Substitute|p2a: Powny\n|-start|p2a: Powny|Substitute\n|-damage|p2a: Powny|69/100\n|move|p1a: Heatran|Eruption|p2a: Powny\n|-resisted|p2a: Powny\n|-activate|p2a: Powny|move: Substitute|[damage]\n|\n|-heal|p2a: Powny|75/100|[from] item: Leftovers\n|upkeep\n|turn|39\n|inactive|Infernoss has 120 seconds left.\n|\n|t:|1790393203\n|switch|p1a: Tangrowth|Tangrowth, F|100/100 brn\n|move|p2a: Powny|Calm Mind|p2a: Powny\n|-boost|p2a: Powny|spa|1\n|-boost|p2a: Powny|spd|1\n|\n|-heal|p2a: Powny|82/100|[from] item: Leftovers\n|-damage|p1a: Tangrowth|94/100 brn|[from] brn\n|upkeep\n|turn|40\n|\n|t:|1790393213\n|move|p2a: Powny|Calm Mind|p2a: Powny\n|-boost|p2a: Powny|spa|1\n|-boost|p2a: Powny|spd|1\n|move|p1a: Tangrowth|Giga Drain|p2a: Powny\n|-supereffective|p2a: Powny\n|-end|p2a: Powny|Substitute\n|-heal|p1a: Tangrowth|96/100 brn|[from] drain|[of] p2a: Powny\n|\n|-heal|p2a: Powny|88/100|[from] item: Leftovers\n|-damage|p1a: Tangrowth|90/100 brn|[from] brn\n|-sideend|p2: Infernoss|move: Light Screen\n|upkeep\n|turn|41\n|\n|t:|1790393229\n|move|p2a: Powny|Substitute|p2a: Powny\n|-start|p2a: Powny|Substitute\n|-damage|p2a: Powny|63/100\n|move|p1a: Tangrowth|Giga Drain|p2a: Powny\n|-supereffective|p2a: Powny\n|-end|p2a: Powny|Substitute\n|-heal|p1a: Tangrowth|99/100 brn|[from] drain|[of] p2a: Powny\n|\n|-heal|p2a: Powny|69/100|[from] item: Leftovers\n|-damage|p1a: Tangrowth|94/100 brn|[from] brn\n|-sideend|p2: Infernoss|Reflect\n|upkeep\n|turn|42\n|\n|t:|1790393240\n|move|p2a: Powny|Calm Mind|p2a: Powny\n|-boost|p2a: Powny|spa|1\n|-boost|p2a: Powny|spd|1\n|move|p1a: Tangrowth|Giga Drain|p2a: Powny\n|-supereffective|p2a: Powny\n|-damage|p2a: Powny|44/100\n|-heal|p1a: Tangrowth|100/100 brn|[from] drain|[of] p2a: Powny\n|\n|-heal|p2a: Powny|50/100|[from] item: Leftovers\n|-damage|p1a: Tangrowth|94/100 brn|[from] brn\n|upkeep\n|turn|43\n|\n|t:|1790393256\n|move|p2a: Powny|Substitute|p2a: Powny\n|-start|p2a: Powny|Substitute\n|-damage|p2a: Powny|25/100\n|move|p1a: Tangrowth|Giga Drain|p2a: Powny\n|-supereffective|p2a: Powny\n|-end|p2a: Powny|Substitute\n|-heal|p1a: Tangrowth|100/100 brn|[from] drain|[of] p2a: Powny\n|\n|-heal|p2a: Powny|32/100|[from] item: Leftovers\n|-damage|p1a: Tangrowth|94/100 brn|[from] brn\n|upkeep\n|turn|44\n|\n|t:|1790393267\n|move|p2a: Powny|Secret Sword|p1a: Tangrowth\n|-damage|p1a: Tangrowth|41/100 brn\n|move|p1a: Tangrowth|Giga Drain|p2a: Powny\n|-supereffective|p2a: Powny\n|-damage|p2a: Powny|9/100\n|-heal|p1a: Tangrowth|51/100 brn|[from] drain|[of] p2a: Powny\n|\n|-heal|p2a: Powny|15/100|[from] item: Leftovers\n|-damage|p1a: Tangrowth|45/100 brn|[from] brn\n|upkeep\n|turn|45\n|\n|t:|1790393278\n|move|p2a: Powny|Secret Sword|p1a: Tangrowth\n|-damage|p1a: Tangrowth|0 fnt\n|faint|p1a: Tangrowth\n|\n|-heal|p2a: Powny|21/100|[from] item: Leftovers\n|upkeep\n|\n|t:|1790393289\n|switch|p1a: Weavile|Weavile, M|100/100\n|-ability|p1a: Weavile|Pressure\n|turn|46\n|inactive|Seismicross has 90 seconds left.\n|\n|t:|1790393307\n|switch|p2a: Washy|Rotom-Wash|83/100 slp\n|move|p1a: Weavile|Triple Axel|p2a: Washy\n|-resisted|p2a: Washy\n|-damage|p2a: Washy|77/100 slp\n|-resisted|p2a: Washy\n|-damage|p2a: Washy|66/100 slp\n|-resisted|p2a: Washy\n|-damage|p2a: Washy|49/100 slp\n|-hitcount|p2a: Washy|3\n|\n|upkeep\n|turn|47\n|inactive|Seismicross has 90 seconds left.\n|\n|t:|1790393324\n|move|p1a: Weavile|Triple Axel|p2a: Washy\n|-resisted|p2a: Washy\n|-crit|p2a: Washy\n|-damage|p2a: Washy|39/100 slp\n|-resisted|p2a: Washy\n|-damage|p2a: Washy|28/100 slp\n|-resisted|p2a: Washy\n|-damage|p2a: Washy|10/100 slp\n|-hitcount|p2a: Washy|3\n|-curestatus|p2a: Washy|slp|[msg]\n|move|p2a: Washy|Will-O-Wisp|p1a: Weavile\n|-status|p1a: Weavile|brn\n|\n|-damage|p1a: Weavile|94/100 brn|[from] brn\n|upkeep\n|turn|48\n|inactive|Seismicross has 90 seconds left.\n|\n|t:|1790393347\n|switch|p2a: Toxica|Slowking-Galar, F, shiny|72/100\n|move|p1a: Weavile|Triple Axel|p2a: Toxica\n|-damage|p2a: Toxica|64/100\n|-damage|p2a: Toxica|47/100\n|-damage|p2a: Toxica|26/100\n|-hitcount|p2a: Toxica|3\n|\n|-damage|p1a: Weavile|88/100 brn|[from] brn\n|upkeep\n|turn|49\n|inactive|Seismicross has 90 seconds left.\n|\n|t:|1790393358\n|move|p1a: Weavile|Triple Axel|p2a: Toxica\n|-damage|p2a: Toxica|18/100\n|-damage|p2a: Toxica|2/100\n|-damage|p2a: Toxica|0 fnt\n|faint|p2a: Toxica\n|-hitcount|p2: Toxica|3\n|\n|-damage|p1a: Weavile|82/100 brn|[from] brn\n|upkeep\n|\n|t:|1790393370\n|switch|p2a: Tapu Boludo|Tapu Bulu|100/100\n|-fieldstart|move: Grassy Terrain|[from] ability: Grassy Surge|[of] p2a: Tapu Boludo\n|turn|50\n|\n|t:|1790393377\n|move|p1a: Weavile|Triple Axel|p2a: Tapu Boludo\n|-supereffective|p2a: Tapu Boludo\n|-damage|p2a: Tapu Boludo|86/100\n|-supereffective|p2a: Tapu Boludo\n|-damage|p2a: Tapu Boludo|58/100\n|-supereffective|p2a: Tapu Boludo\n|-damage|p2a: Tapu Boludo|16/100\n|-hitcount|p2a: Tapu Boludo|3\n|move|p2a: Tapu Boludo|Horn Leech|p1a: Weavile\n|-damage|p1a: Weavile|0 fnt\n|-heal|p2a: Tapu Boludo|50/100|[from] drain|[of] p1a: Weavile\n|faint|p1a: Weavile\n|\n|-heal|p2a: Tapu Boludo|56/100|[from] Grassy Terrain\n|upkeep\n|inactive|Seismicross has 90 seconds left.\n|\n|t:|1790393396\n|switch|p1a: Heatran|Heatran, M|98/100\n|turn|51\n|\n|t:|1790393401\n|move|p1a: Heatran|Eruption|p2a: Tapu Boludo\n|-supereffective|p2a: Tapu Boludo\n|-damage|p2a: Tapu Boludo|0 fnt\n|faint|p2a: Tapu Boludo\n|\n|-heal|p1a: Heatran|100/100|[from] Grassy Terrain\n|upkeep\n|\n|t:|1790393407\n|switch|p2a: Powny|Keldeo-Resolute|21/100\n|turn|52\n|\n|t:|1790393413\n|move|p2a: Powny|Secret Sword|p1a: Heatran\n|-supereffective|p1a: Heatran\n|-damage|p1a: Heatran|18/100\n|move|p1a: Heatran|Eruption|p2a: Powny\n|-resisted|p2a: Powny\n|-damage|p2a: Powny|14/100\n|\n|-heal|p2a: Powny|20/100|[from] Grassy Terrain\n|-heal|p2a: Powny|26/100|[from] item: Leftovers\n|-heal|p1a: Heatran|24/100|[from] Grassy Terrain\n|upkeep\n|turn|53\n|\n|t:|1790393426\n|move|p2a: Powny|Scald|p1a: Heatran\n|-supereffective|p1a: Heatran\n|-damage|p1a: Heatran|0 fnt\n|faint|p1a: Heatran\n|\n|-heal|p2a: Powny|33/100|[from] Grassy Terrain\n|-heal|p2a: Powny|39/100|[from] item: Leftovers\n|upkeep\n|\n|t:|1790393435\n|switch|p1a: Melmetal|Melmetal|100/100\n|turn|54\n|\n|t:|1790393444\n|move|p2a: Powny|Scald|p1a: Melmetal\n|-damage|p1a: Melmetal|79/100\n|move|p1a: Melmetal|Thunder Punch|p2a: Powny\n|-supereffective|p2a: Powny\n|-damage|p2a: Powny|0 fnt\n|faint|p2a: Powny\n|\n|-heal|p1a: Melmetal|85/100|[from] Grassy Terrain\n|-fieldend|move: Grassy Terrain\n|upkeep\n|\n|t:|1790393453\n|switch|p2a: Washy|Rotom-Wash|10/100\n|turn|55\n|\n|t:|1790393459\n|move|p2a: Washy|Rest|p2a: Washy\n|-status|p2a: Washy|slp|[from] move: Rest\n|-heal|p2a: Washy|100/100 slp|[silent]\n|move|p1a: Melmetal|Thunder Punch|p2a: Washy\n|-damage|p2a: Washy|72/100 slp\n|\n|upkeep\n|turn|56\n|\n|t:|1790393467\n|cant|p2a: Washy|slp\n|move|p1a: Melmetal|Thunder Punch|p2a: Washy\n|-damage|p2a: Washy|45/100 slp\n|\n|upkeep\n|turn|57\n|\n|t:|1790393473\n|cant|p2a: Washy|slp\n|move|p1a: Melmetal|Thunder Punch|p2a: Washy\n|-damage|p2a: Washy|19/100 slp\n|\n|upkeep\n|turn|58\n|\n|t:|1790393478\n|-curestatus|p2a: Washy|slp|[msg]\n|move|p2a: Washy|Will-O-Wisp|p1a: Melmetal\n|-status|p1a: Melmetal|brn\n|move|p1a: Melmetal|Thunder Punch|p2a: Washy\n|-damage|p2a: Washy|6/100\n|\n|-damage|p1a: Melmetal|79/100 brn|[from] brn\n|upkeep\n|turn|59\n|\n|t:|1790393489\n|move|p2a: Washy|Rest|p2a: Washy\n|-status|p2a: Washy|slp|[from] move: Rest\n|-heal|p2a: Washy|100/100 slp|[silent]\n|move|p1a: Melmetal|Thunder Punch|p2a: Washy\n|-damage|p2a: Washy|86/100 slp\n|\n|-damage|p1a: Melmetal|73/100 brn|[from] brn\n|upkeep\n|turn|60\n|\n|t:|1790393500\n|switch|p1a: Landorus|Landorus-Therian, M|52/100\n|-ability|p1a: Landorus|Intimidate|boost\n|-unboost|p2a: Washy|atk|1\n|cant|p2a: Washy|slp\n|\n|-heal|p1a: Landorus|58/100|[from] item: Leftovers\n|upkeep\n|turn|61\n|inactive|Infernoss has 120 seconds left.\n|\n|t:|1790393535\n|move|p1a: Landorus|Toxic||[still]\n|-fail|p1a: Landorus\n|cant|p2a: Washy|slp\n|\n|-heal|p1a: Landorus|64/100|[from] item: Leftovers\n|upkeep\n|turn|62\n|\n|t:|1790393547\n|move|p1a: Landorus|Toxic||[still]\n|-fail|p1a: Landorus\n|-curestatus|p2a: Washy|slp|[msg]\n|move|p2a: Washy|Will-O-Wisp|p1a: Landorus\n|-status|p1a: Landorus|brn\n|\n|-heal|p1a: Landorus|70/100 brn|[from] item: Leftovers\n|-damage|p1a: Landorus|64/100 brn|[from] brn\n|upkeep\n|turn|63\n|\n|t:|1790393557\n|move|p1a: Landorus|Toxic|p2a: Washy\n|-status|p2a: Washy|tox\n|move|p2a: Washy|Hydro Pump|p1a: Landorus\n|-supereffective|p1a: Landorus\n|-damage|p1a: Landorus|7/100 brn\n|\n|-heal|p1a: Landorus|13/100 brn|[from] item: Leftovers\n|-damage|p2a: Washy|80/100 tox|[from] psn\n|-damage|p1a: Landorus|7/100 brn|[from] brn\n|upkeep\n|turn|64\n|inactive|Seismicross has 120 seconds left.\n|\n|t:|1790393573\n|move|p1a: Landorus|U-turn|p2a: Washy\n|-damage|p2a: Washy|72/100 tox\n|\n|t:|1790393576\n|switch|p1a: Melmetal|Melmetal|73/100 brn|[from] U-turn\n|move|p2a: Washy|Hydro Pump|p1a: Melmetal|[miss]\n|-miss|p2a: Washy|p1a: Melmetal\n|\n|-damage|p2a: Washy|59/100 tox|[from] psn\n|-damage|p1a: Melmetal|66/100 brn|[from] brn\n|upkeep\n|turn|65\n|\n|t:|1790393588\n|move|p2a: Washy|Rest|p2a: Washy\n|-status|p2a: Washy|slp|[from] move: Rest\n|-heal|p2a: Washy|100/100 slp|[silent]\n|move|p1a: Melmetal|Thunder Punch|p2a: Washy\n|-damage|p2a: Washy|86/100 slp\n|\n|-damage|p1a: Melmetal|60/100 brn|[from] brn\n|upkeep\n|turn|66\n|inactive|Seismicross has 120 seconds left.\n|c|\u2606Seismicross|are you serious\n|c|\u2606Infernoss|why?\n|\n|t:|1790393617\n|cant|p2a: Washy|slp\n|move|p1a: Melmetal|Thunder Punch|p2a: Washy\n|-damage|p2a: Washy|74/100 slp\n|\n|-damage|p1a: Melmetal|54/100 brn|[from] brn\n|upkeep\n|turn|67\n|c|\u2606Infernoss|is a good set\n|\n|t:|1790393626\n|cant|p2a: Washy|slp\n|move|p1a: Melmetal|Thunder Punch|p2a: Washy\n|-damage|p2a: Washy|60/100 slp\n|\n|-damage|p1a: Melmetal|48/100 brn|[from] brn\n|upkeep\n|turn|68\n|inactive|Seismicross has 120 seconds left.\n|\n|t:|1790393636\n|switch|p1a: Landorus|Landorus-Therian, M|7/100 brn\n|-ability|p1a: Landorus|Intimidate|boost\n|-unboost|p2a: Washy|atk|1\n|-curestatus|p2a: Washy|slp|[msg]\n|move|p2a: Washy|Thunderbolt|p1a: Landorus\n|-immune|p1a: Landorus\n|\n|-heal|p1a: Landorus|13/100 brn|[from] item: Leftovers\n|-damage|p1a: Landorus|7/100 brn|[from] brn\n|upkeep\n|turn|69\n|inactive|Seismicross has 120 seconds left.\n|\n|t:|1790393648\n|move|p1a: Landorus|Toxic|p2a: Washy\n|-status|p2a: Washy|tox\n|move|p2a: Washy|Hydro Pump|p1a: Landorus\n|-supereffective|p1a: Landorus\n|-damage|p1a: Landorus|0 fnt\n|faint|p1a: Landorus\n|\n|-damage|p2a: Washy|53/100 tox|[from] psn\n|upkeep\n|\n|t:|1790393658\n|switch|p1a: Melmetal|Melmetal|48/100 brn\n|turn|70\n|\n|t:|1790393668\n|move|p2a: Washy|Rest|p2a: Washy\n|-status|p2a: Washy|slp|[from] move: Rest\n|-heal|p2a: Washy|100/100 slp|[silent]\n|move|p1a: Melmetal|Thunder Punch|p2a: Washy\n|-damage|p2a: Washy|88/100 slp\n|\n|-damage|p1a: Melmetal|42/100 brn|[from] brn\n|upkeep\n|turn|71\n|inactive|Seismicross has 120 seconds left.\n|\n|t:|1790393685\n|cant|p2a: Washy|slp\n|move|p1a: Melmetal|Thunder Punch|p2a: Washy\n|-damage|p2a: Washy|75/100 slp\n|\n|-damage|p1a: Melmetal|36/100 brn|[from] brn\n|upkeep\n|turn|72\n|inactive|Seismicross has 120 seconds left.\n|\n|t:|1790393692\n|cant|p2a: Washy|slp\n|move|p1a: Melmetal|Thunder Punch|p2a: Washy\n|-damage|p2a: Washy|61/100 slp\n|\n|-damage|p1a: Melmetal|30/100 brn|[from] brn\n|upkeep\n|turn|73\n|\n|t:|1790393700\n|-curestatus|p2a: Washy|slp|[msg]\n|move|p2a: Washy|Thunderbolt|p1a: Melmetal\n|-crit|p1a: Melmetal\n|-damage|p1a: Melmetal|5/100 brn\n|move|p1a: Melmetal|Thunder Punch|p2a: Washy\n|-damage|p2a: Washy|47/100\n|\n|-damage|p1a: Melmetal|0 fnt|[from] brn\n|faint|p1a: Melmetal\n|\n|win|Infernoss\n|raw|Seismicross's rating: 1036 &rarr; <strong>1032</strong><br />(-4 for losing)\n|raw|Infernoss's rating: 1355 &rarr; <strong>1360</strong><br />(+5 for winning)\n", "uploadtime": 1790393716, "views": "7", "formatid": "gen8ou", "rating": 1032, "private": 0, "password": null}