{"id": "gen8ou-2691197896", "format": "[Gen 8] OU", "players": ["chiapanco", "flameyee"], "log": "|j|\u2606chiapanco\n|j|\u2606flameyee\n|t:|1790881023\n|gametype|singles\n|player|p1|chiapanco|cynthia-gen4|\n|player|p2|flameyee|elesa|\n|gen|8\n|tier|[Gen 8] OU\n|rule|HP Percentage Mod: HP is shown in percentages\n|rule|Endless Battle Clause: Forcing endless battles is banned\n|rule|Sleep Clause Mod: Limit one foe put to sleep\n|rule|Species Clause: Limit one of each Pok\u00e9mon\n|rule|OHKO Clause: OHKO moves are banned\n|rule|Evasion Items Clause: Evasion items are banned\n|rule|Evasion Moves Clause: Evasion moves are banned\n|rule|Dynamax Clause: You cannot dynamax\n|clearpoke\n|poke|p1|Ninetales-Alola, M|\n|poke|p1|Arctozolt|\n|poke|p1|Volcanion|\n|poke|p1|Landorus-Therian, M|\n|poke|p1|Blacephalon|\n|poke|p1|Heatran, F|\n|poke|p2|Dragapult, M|\n|poke|p2|Urshifu-*, M|\n|poke|p2|Tapu Lele|\n|poke|p2|Landorus-Therian, M|\n|poke|p2|Zapdos|\n|poke|p2|Melmetal|\n|teampreview\n|inactive|Battle timer is ON: inactive players will automatically lose when time's up. (requested by flameyee)\n|\n|t:|1790881032\n|teamsize|p1|6\n|teamsize|p2|6\n|start\n|switch|p1a: Volcanion|Volcanion|100/100\n|switch|p2a: Melmetal|Melmetal|100/100\n|turn|1\n|\n|t:|1790881039\n|move|p1a: Volcanion|Flamethrower|p2a: Melmetal\n|-supereffective|p2a: Melmetal\n|-damage|p2a: Melmetal|24/100\n|move|p2a: Melmetal|Earthquake|p1a: Volcanion\n|-supereffective|p1a: Volcanion\n|-damage|p1a: Volcanion|50/100\n|\n|-heal|p2a: Melmetal|30/100|[from] item: Leftovers\n|upkeep\n|turn|2\n|\n|t:|1790881060\n|switch|p2a: Dragapult|Dragapult, M|100/100\n|move|p1a: Volcanion|Steam Eruption|p2a: Dragapult\n|-resisted|p2a: Dragapult\n|-damage|p2a: Dragapult|70/100\n|-status|p2a: Dragapult|brn\n|\n|-damage|p2a: Dragapult|64/100 brn|[from] brn\n|upkeep\n|turn|3\n|\n|t:|1790881068\n|switch|p1a: Ninetales|Ninetales-Alola, M|100/100\n|-weather|Hail|[from] ability: Snow Warning|[of] p1a: Ninetales\n|move|p2a: Dragapult|Shadow Ball|p1a: Ninetales\n|-damage|p1a: Ninetales|43/100\n|-unboost|p1a: Ninetales|spd|1\n|\n|-weather|Hail|[upkeep]\n|-damage|p2a: Dragapult|58/100 brn|[from] Hail\n|-damage|p2a: Dragapult|52/100 brn|[from] brn\n|upkeep\n|turn|4\n|\n|t:|1790881077\n|switch|p1a: Heatran|Heatran, F|100/100\n|-item|p1a: Heatran|Air Balloon\n|move|p2a: Dragapult|Shadow Ball|p1a: Heatran\n|-damage|p1a: Heatran|60/100\n|-enditem|p1a: Heatran|Air Balloon\n|\n|-weather|Hail|[upkeep]\n|-damage|p2a: Dragapult|46/100 brn|[from] Hail\n|-damage|p1a: Heatran|54/100|[from] Hail\n|-damage|p2a: Dragapult|40/100 brn|[from] brn\n|upkeep\n|turn|5\n|\n|t:|1790881092\n|move|p2a: Dragapult|Shadow Ball|p1a: Heatran\n|-damage|p1a: Heatran|15/100\n|move|p1a: Heatran|Earth Power|p2a: Dragapult\n|-damage|p2a: Dragapult|7/100 brn\n|\n|-weather|Hail|[upkeep]\n|-damage|p2a: Dragapult|1/100 brn|[from] Hail\n|-damage|p1a: Heatran|9/100|[from] Hail\n|-damage|p2a: Dragapult|0 fnt|[from] brn\n|faint|p2a: Dragapult\n|upkeep\n|inactive|flameyee has 270 seconds left.\n|\n|t:|1790881122\n|switch|p2a: Landorus|Landorus-Therian, M|100/100\n|-ability|p2a: Landorus|Intimidate|boost\n|-unboost|p1a: Heatran|atk|1\n|turn|6\n|\n|t:|1790881129\n|move|p2a: Landorus|Knock Off|p1a: Heatran\n|-damage|p1a: Heatran|0 fnt\n|faint|p1a: Heatran\n|\n|-weather|Hail|[upkeep]\n|-damage|p2a: Landorus|94/100|[from] Hail\n|-heal|p2a: Landorus|100/100|[from] item: Leftovers\n|upkeep\n|\n|t:|1790881140\n|switch|p1a: Arctozolt|Arctozolt|100/100\n|turn|7\n|\n|t:|1790881152\n|switch|p2a: Zapdos|Zapdos|100/100\n|move|p1a: Arctozolt|Icicle Crash|p2a: Zapdos|[miss]\n|-miss|p1a: Arctozolt|p2a: Zapdos\n|\n|-weather|none\n|upkeep\n|turn|8\n|\n|t:|1790881157\n|move|p2a: Zapdos|Heat Wave|p1a: Arctozolt\n|-supereffective|p1a: Arctozolt\n|-damage|p1a: Arctozolt|25/100\n|move|p1a: Arctozolt|Icicle Crash|p2a: Zapdos\n|-supereffective|p2a: Zapdos\n|-damage|p2a: Zapdos|0 fnt\n|faint|p2a: Zapdos\n|-damage|p1a: Arctozolt|15/100|[from] item: Life Orb\n|\n|upkeep\n|\n|t:|1790881167\n|switch|p2a: Urshifu|Urshifu-Rapid-Strike, M|100/100\n|turn|9\n|c|\u2606chiapanco|so unlucky\n|\n|t:|1790881173\n|switch|p1a: Volcanion|Volcanion|50/100\n|move|p2a: Urshifu|U-turn|p1a: Volcanion\n|-resisted|p1a: Volcanion\n|-damage|p1a: Volcanion|39/100\n|c|\u2606flameyee|yea would have killed\n|\n|t:|1790881180\n|switch|p2a: Tapu Lele|Tapu Lele|100/100|[from] U-turn\n|-fieldstart|move: Psychic Terrain|[from] ability: Psychic Surge|[of] p2a: Tapu Lele\n|\n|upkeep\n|turn|10\n|\n|t:|1790881191\n|move|p2a: Tapu Lele|Psyshock|p1a: Volcanion\n|-damage|p1a: Volcanion|0 fnt\n|faint|p1a: Volcanion\n|\n|upkeep\n|\n|t:|1790881197\n|switch|p1a: Pierroteknik|Blacephalon|100/100\n|turn|11\n|\n|t:|1790881217\n|switch|p2a: Melmetal|Melmetal|30/100\n|move|p1a: Pierroteknik|Shadow Ball|p2a: Melmetal\n|-damage|p2a: Melmetal|0 fnt\n|faint|p2a: Melmetal\n|-ability|p1a: Pierroteknik|Beast Boost|boost\n|-boost|p1a: Pierroteknik|spa|1\n|\n|upkeep\n|\n|t:|1790881221\n|switch|p2a: Urshifu|Urshifu-Rapid-Strike, M|100/100\n|turn|12\n|\n|t:|1790881228\n|move|p1a: Pierroteknik|Shadow Ball|p2a: Urshifu\n|-damage|p2a: Urshifu|0 fnt\n|faint|p2a: Urshifu\n|-ability|p1a: Pierroteknik|Beast Boost|boost\n|-boost|p1a: Pierroteknik|spa|1\n|\n|upkeep\n|\n|t:|1790881233\n|switch|p2a: Landorus|Landorus-Therian, M|100/100\n|-ability|p2a: Landorus|Intimidate|boost\n|-unboost|p1a: Pierroteknik|atk|1\n|turn|13\n|\n|t:|1790881238\n|switch|p1a: Ninetales|Ninetales-Alola, M|43/100\n|-weather|Hail|[from] ability: Snow Warning|[of] p1a: Ninetales\n|move|p2a: Landorus|Earthquake|p1a: Ninetales\n|-damage|p1a: Ninetales|0 fnt\n|faint|p1a: Ninetales\n|\n|-weather|Hail|[upkeep]\n|-damage|p2a: Landorus|94/100|[from] Hail\n|-heal|p2a: Landorus|100/100|[from] item: Leftovers\n|-fieldend|move: Psychic Terrain\n|upkeep\n|\n|t:|1790881240\n|switch|p1a: Arctozolt|Arctozolt|15/100\n|turn|14\n|c|\u2606chiapanco|i swear bro if i miss\n|\n|t:|1790881262\n|move|p1a: Arctozolt|Icicle Crash|p2a: Landorus|[miss]\n|-miss|p1a: Arctozolt|p2a: Landorus\n|move|p2a: Landorus|Knock Off|p1a: Arctozolt\n|-damage|p1a: Arctozolt|0 fnt\n|-enditem|p1a: Arctozolt|Life Orb|[from] move: Knock Off|[of] p2a: Landorus\n|faint|p1a: Arctozolt\n|\n|-weather|Hail|[upkeep]\n|-damage|p2a: Landorus|94/100|[from] Hail\n|-heal|p2a: Landorus|100/100|[from] item: Leftovers\n|upkeep\n|c|\u2606chiapanco|yo\n|c|\u2606flameyee|omds\n|c|\u2606chiapanco|what is this\n|\n|t:|1790881269\n|switch|p1a: D\u00e9m\u00e9t\u00e9ros|Landorus-Therian, M|100/100\n|-ability|p1a: D\u00e9m\u00e9t\u00e9ros|Intimidate|boost\n|-unboost|p2a: Landorus|atk|1\n|turn|15\n|\n|t:|1790881282\n|switch|p2a: Tapu Lele|Tapu Lele|100/100\n|-fieldstart|move: Psychic Terrain|[from] ability: Psychic Surge|[of] p2a: Tapu Lele\n|move|p1a: D\u00e9m\u00e9t\u00e9ros|Toxic|p2a: Tapu Lele\n|-status|p2a: Tapu Lele|tox\n|\n|-weather|Hail|[upkeep]\n|-damage|p2a: Tapu Lele|94/100 tox|[from] Hail\n|-damage|p1a: D\u00e9m\u00e9t\u00e9ros|94/100|[from] Hail\n|-heal|p1a: D\u00e9m\u00e9t\u00e9ros|100/100|[from] item: Leftovers\n|-damage|p2a: Tapu Lele|88/100 tox|[from] psn\n|upkeep\n|turn|16\n|\n|t:|1790881291\n|move|p2a: Tapu Lele|Future Sight|p1a: D\u00e9m\u00e9t\u00e9ros\n|-start|p2a: Tapu Lele|move: Future Sight\n|move|p1a: D\u00e9m\u00e9t\u00e9ros|U-turn|p2a: Tapu Lele\n|-damage|p2a: Tapu Lele|55/100 tox\n|\n|t:|1790881293\n|switch|p1a: Pierroteknik|Blacephalon|100/100|[from] U-turn\n|\n|-weather|Hail|[upkeep]\n|-damage|p1a: Pierroteknik|94/100|[from] Hail\n|-damage|p2a: Tapu Lele|49/100 tox|[from] Hail\n|-damage|p2a: Tapu Lele|37/100 tox|[from] psn\n|upkeep\n|turn|17\n|\n|t:|1790881299\n|switch|p2a: Landorus|Landorus-Therian, M|100/100\n|-ability|p2a: Landorus|Intimidate|boost\n|-unboost|p1a: Pierroteknik|atk|1\n|move|p1a: Pierroteknik|Flamethrower|p2a: Landorus\n|-damage|p2a: Landorus|62/100\n|\n|-weather|none\n|-heal|p2a: Landorus|68/100|[from] item: Leftovers\n|upkeep\n|turn|18\n|c|\u2606chiapanco|i lost because of that\n|c|\u2606chiapanco|so weird\n|inactive|flameyee has 270 seconds left.\n|\n|t:|1790881334\n|switch|p1a: D\u00e9m\u00e9t\u00e9ros|Landorus-Therian, M|100/100\n|-ability|p1a: D\u00e9m\u00e9t\u00e9ros|Intimidate|boost\n|-unboost|p2a: Landorus|atk|1\n|move|p2a: Landorus|Knock Off|p1a: D\u00e9m\u00e9t\u00e9ros\n|-damage|p1a: D\u00e9m\u00e9t\u00e9ros|81/100\n|-enditem|p1a: D\u00e9m\u00e9t\u00e9ros|Leftovers|[from] move: Knock Off|[of] p2a: Landorus\n|\n|-end|p1a: D\u00e9m\u00e9t\u00e9ros|move: Future Sight\n|-damage|p1a: D\u00e9m\u00e9t\u00e9ros|10/100\n|-heal|p2a: Landorus|74/100|[from] item: Leftovers\n|upkeep\n|turn|19\n|inactive|flameyee has 270 seconds left.\n|\n|t:|1790881342\n|switch|p2a: Tapu Lele|Tapu Lele|37/100 tox\n|move|p1a: D\u00e9m\u00e9t\u00e9ros|Toxic|p2a: Tapu Lele\n|-fail|p2a: Tapu Lele|tox\n|\n|-damage|p2a: Tapu Lele|31/100 tox|[from] psn\n|-fieldend|move: Psychic Terrain\n|upkeep\n|turn|20\n|\n|t:|1790881347\n|move|p2a: Tapu Lele|Psyshock|p1a: D\u00e9m\u00e9t\u00e9ros\n|-damage|p1a: D\u00e9m\u00e9t\u00e9ros|0 fnt\n|faint|p1a: D\u00e9m\u00e9t\u00e9ros\n|\n|-damage|p2a: Tapu Lele|19/100 tox|[from] psn\n|upkeep\n|\n|t:|1790881349\n|switch|p1a: Pierroteknik|Blacephalon|94/100\n|turn|21\n|\n|t:|1790881359\n|move|p1a: Pierroteknik|Overheat|p2a: Tapu Lele\n|-damage|p2a: Tapu Lele|0 fnt\n|-unboost|p1a: Pierroteknik|spa|2\n|faint|p2a: Tapu Lele\n|-ability|p1a: Pierroteknik|Beast Boost|boost\n|-boost|p1a: Pierroteknik|spa|1\n|\n|upkeep\n|\n|t:|1790881362\n|switch|p2a: Landorus|Landorus-Therian, M|74/100\n|-ability|p2a: Landorus|Intimidate|boost\n|-unboost|p1a: Pierroteknik|atk|1\n|turn|22\n|\n|t:|1790881365\n|move|p1a: Pierroteknik|Overheat|p2a: Landorus\n|-damage|p2a: Landorus|37/100\n|-unboost|p1a: Pierroteknik|spa|2\n|move|p2a: Landorus|Earthquake|p1a: Pierroteknik\n|-supereffective|p1a: Pierroteknik\n|-damage|p1a: Pierroteknik|0 fnt\n|faint|p1a: Pierroteknik\n|\n|win|flameyee\n|c|\u2606flameyee|gg\n|c|\u2606chiapanco|so weird dude\n", "uploadtime": 1790881371, "views": "11", "formatid": "gen8ou", "rating": null, "private": 0, "password": null}