{"id": "gen8ou-2688159298", "format": "[Gen 8] OU", "players": ["Togekaiser", "MiloticMommy"], "log": "|j|\u2606Togekaiser\n|j|\u2606MiloticMommy\n|t:|1790425386\n|gametype|singles\n|player|p1|Togekaiser|red|\n|player|p2|MiloticMommy|harlequin|\n|gen|8\n|tier|[Gen 8] OU\n|rule|HP Percentage Mod: HP is shown in percentages\n|rule|Endless Battle Clause: Forcing endless battles is banned\n|rule|Sleep Clause Mod: Limit one foe put to sleep\n|rule|Species Clause: Limit one of each Pok\u00e9mon\n|rule|OHKO Clause: OHKO moves are banned\n|rule|Evasion Items Clause: Evasion items are banned\n|rule|Evasion Moves Clause: Evasion moves are banned\n|rule|Dynamax Clause: You cannot dynamax\n|raw|<div class=\"infobox\"><details class=\"readmore\" open><summary><strong>2 custom rules:</strong></summary> +Magearna, +Landorus</details></div>\n|clearpoke\n|poke|p1|Tapu Koko|\n|poke|p1|Skarmory, F|\n|poke|p1|Slowking, F|\n|poke|p1|Mandibuzz, F|\n|poke|p1|Landorus, M|\n|poke|p1|Raichu-Alola, M|\n|poke|p2|Landorus-Therian, M|\n|poke|p2|Magearna|\n|poke|p2|Heatran, F|\n|poke|p2|Rotom-Wash|\n|poke|p2|Cresselia, F|\n|poke|p2|Zapdos|\n|teampreview\n|j| sylgio\n|\n|t:|1790425419\n|teamsize|p1|6\n|teamsize|p2|6\n|start\n|switch|p1a: Skarmory|Skarmory, F|100/100\n|switch|p2a: CleanDel\u00fcx|Rotom-Wash, shiny|100/100\n|turn|1\n|\n|t:|1790425443\n|move|p2a: CleanDel\u00fcx|Volt Switch|p1a: Skarmory\n|-supereffective|p1a: Skarmory\n|-damage|p1a: Skarmory|28/100\n|\n|t:|1790425455\n|switch|p2a: Wablu|Zapdos|100/100|[from] Volt Switch\n|move|p1a: Skarmory|Toxic|p2a: Wablu\n|-status|p2a: Wablu|tox\n|\n|-damage|p2a: Wablu|94/100 tox|[from] psn\n|upkeep\n|turn|2\n|\n|t:|1790425464\n|switch|p1a: Tapu Koko|Tapu Koko|100/100\n|-fieldstart|move: Electric Terrain|[from] ability: Electric Surge|[of] p1a: Tapu Koko\n|move|p2a: Wablu|Volt Switch|p1a: Tapu Koko\n|-resisted|p1a: Tapu Koko\n|-damage|p1a: Tapu Koko|78/100\n|\n|t:|1790425477\n|switch|p2a: Baukasten|Magearna|100/100|[from] Volt Switch\n|\n|upkeep\n|turn|3\n|\n|t:|1790425488\n|move|p1a: Tapu Koko|Volt Switch|p2a: Baukasten\n|-damage|p2a: Baukasten|71/100\n|\n|t:|1790425490\n|switch|p1a: Raichu|Raichu-Alola, M|100/100|[from] Volt Switch\n|move|p2a: Baukasten|Heal Bell|p2a: Baukasten\n|-activate|p2a: Baukasten|move: Heal Bell\n|-curestatus|p2: Wablu|tox|[msg]\n|\n|upkeep\n|turn|4\n|\n|t:|1790425505\n|move|p1a: Raichu|Rising Voltage|p2a: Baukasten\n|-hint|Rising Voltage's BP doubled on grounded target.\n|-damage|p2a: Baukasten|0 fnt\n|faint|p2a: Baukasten\n|\n|upkeep\n|\n|t:|1790425522\n|switch|p2a: P\u00d9\u00df\u00dfy Power|Landorus-Therian, M, shiny|100/100\n|-ability|p2a: P\u00d9\u00df\u00dfy Power|Intimidate|boost\n|-unboost|p1a: Raichu|atk|1\n|turn|5\n|\n|t:|1790425544\n|switch|p1a: Skarmory|Skarmory, F|28/100\n|move|p2a: P\u00d9\u00df\u00dfy Power|Earthquake|p1a: Skarmory\n|-immune|p1a: Skarmory\n|\n|upkeep\n|turn|6\n|\n|t:|1790425553\n|move|p2a: P\u00d9\u00df\u00dfy Power|Knock Off|p1a: Skarmory\n|-damage|p1a: Skarmory|5/100\n|-damage|p2a: P\u00d9\u00df\u00dfy Power|84/100|[from] item: Rocky Helmet|[of] p1a: Skarmory\n|-enditem|p1a: Skarmory|Rocky Helmet|[from] move: Knock Off|[of] p2a: P\u00d9\u00df\u00dfy Power\n|move|p1a: Skarmory|Roost|p1a: Skarmory\n|-heal|p1a: Skarmory|55/100\n|-singleturn|p1a: Skarmory|move: Roost\n|\n|upkeep\n|turn|7\n|\n|t:|1790425566\n|move|p2a: P\u00d9\u00df\u00dfy Power|Stone Edge|p1a: Skarmory|[miss]\n|-miss|p2a: P\u00d9\u00df\u00dfy Power|p1a: Skarmory\n|-enditem|p2a: P\u00d9\u00df\u00dfy Power|Blunder Policy\n|-boost|p2a: P\u00d9\u00df\u00dfy Power|spe|2\n|move|p1a: Skarmory|Toxic|p2a: P\u00d9\u00df\u00dfy Power\n|-status|p2a: P\u00d9\u00df\u00dfy Power|tox\n|\n|-damage|p2a: P\u00d9\u00df\u00dfy Power|78/100 tox|[from] psn\n|upkeep\n|turn|8\n|\n|t:|1790425578\n|move|p2a: P\u00d9\u00df\u00dfy Power|Stone Edge|p1a: Skarmory\n|-damage|p1a: Skarmory|35/100\n|move|p1a: Skarmory|Roost|p1a: Skarmory\n|-heal|p1a: Skarmory|85/100\n|-singleturn|p1a: Skarmory|move: Roost\n|\n|-damage|p2a: P\u00d9\u00df\u00dfy Power|66/100 tox|[from] psn\n|upkeep\n|turn|9\n|\n|t:|1790425595\n|move|p2a: P\u00d9\u00df\u00dfy Power|Swords Dance|p2a: P\u00d9\u00df\u00dfy Power\n|-boost|p2a: P\u00d9\u00df\u00dfy Power|atk|2\n|move|p1a: Skarmory|Spikes|p2a: P\u00d9\u00df\u00dfy Power\n|-sidestart|p2: MiloticMommy|Spikes\n|\n|-damage|p2a: P\u00d9\u00df\u00dfy Power|48/100 tox|[from] psn\n|-fieldend|move: Electric Terrain\n|upkeep\n|turn|10\n|\n|t:|1790425605\n|move|p2a: P\u00d9\u00df\u00dfy Power|Stone Edge|p1a: Skarmory\n|-damage|p1a: Skarmory|42/100\n|move|p1a: Skarmory|Body Press|p2a: P\u00d9\u00df\u00dfy Power\n|-resisted|p2a: P\u00d9\u00df\u00dfy Power\n|-damage|p2a: P\u00d9\u00df\u00dfy Power|29/100 tox\n|\n|-damage|p2a: P\u00d9\u00df\u00dfy Power|5/100 tox|[from] psn\n|upkeep\n|turn|11\n|\n|t:|1790425621\n|move|p2a: P\u00d9\u00df\u00dfy Power|Stone Edge|p1a: Skarmory\n|-damage|p1a: Skarmory|0 fnt\n|faint|p1a: Skarmory\n|\n|-damage|p2a: P\u00d9\u00df\u00dfy Power|0 fnt|[from] psn\n|faint|p2a: P\u00d9\u00df\u00dfy Power\n|upkeep\n|\n|t:|1790425631\n|switch|p2a: Du Ratte Du|Heatran, F, shiny|100/100\n|switch|p1a: Tapu Koko|Tapu Koko|78/100\n|-fieldstart|move: Electric Terrain|[from] ability: Electric Surge|[of] p1a: Tapu Koko\n|-item|p2a: Du Ratte Du|Air Balloon\n|turn|12\n|\n|t:|1790425641\n|move|p1a: Tapu Koko|Volt Switch|p2a: Du Ratte Du\n|-damage|p2a: Du Ratte Du|69/100\n|-enditem|p2a: Du Ratte Du|Air Balloon\n|\n|t:|1790425644\n|switch|p1a: Slowking|Slowking, F|100/100|[from] Volt Switch\n|move|p2a: Du Ratte Du|Magma Storm|p1a: Slowking\n|-resisted|p1a: Slowking\n|-damage|p1a: Slowking|81/100\n|-activate|p1a: Slowking|move: Magma Storm|[of] p2a: Du Ratte Du\n|\n|-damage|p1a: Slowking|69/100|[from] move: Magma Storm|[partiallytrapped]\n|upkeep\n|turn|13\n|\n|t:|1790425674\n|move|p2a: Du Ratte Du|Stealth Rock|p1a: Slowking\n|-sidestart|p1: Togekaiser|move: Stealth Rock\n|move|p1a: Slowking|Teleport|p1a: Slowking\n|\n|t:|1790425680\n|switch|p1a: Raichu|Raichu-Alola, M|100/100|[from] Teleport\n|-damage|p1a: Raichu|88/100|[from] Stealth Rock\n|\n|upkeep\n|turn|14\n|\n|t:|1790425755\n|switch|p2a: Joey <3|Cresselia, F|100/100\n|move|p1a: Raichu|Rising Voltage|p2a: Joey <3\n|-damage|p2a: Joey <3|66/100\n|\n|-heal|p2a: Joey <3|72/100|[from] item: Leftovers\n|upkeep\n|turn|15\n|\n|t:|1790425768\n|switch|p1a: Landorus|Landorus, M|100/100\n|-damage|p1a: Landorus|88/100|[from] Stealth Rock\n|move|p2a: Joey <3|Moonblast|p1a: Landorus\n|-damage|p1a: Landorus|68/100\n|-unboost|p1a: Landorus|spa|1\n|\n|-heal|p1a: Landorus|74/100|[from] item: Leftovers\n|-heal|p2a: Joey <3|78/100|[from] item: Leftovers\n|upkeep\n|turn|16\n|\n|t:|1790425790\n|move|p1a: Landorus|Stealth Rock|p2a: Joey <3\n|-sidestart|p2: MiloticMommy|move: Stealth Rock\n|move|p2a: Joey <3|Moonblast|p1a: Landorus\n|-damage|p1a: Landorus|53/100\n|-unboost|p1a: Landorus|spa|1\n|\n|-heal|p1a: Landorus|59/100|[from] item: Leftovers\n|-heal|p2a: Joey <3|84/100|[from] item: Leftovers\n|upkeep\n|turn|17\n|\n|t:|1790425798\n|move|p1a: Landorus|Knock Off|p2a: Joey <3\n|-supereffective|p2a: Joey <3\n|-damage|p2a: Joey <3|50/100\n|-enditem|p2a: Joey <3|Leftovers|[from] move: Knock Off|[of] p1a: Landorus\n|move|p2a: Joey <3|Moonblast|p1a: Landorus\n|-damage|p1a: Landorus|38/100\n|\n|-heal|p1a: Landorus|44/100|[from] item: Leftovers\n|upkeep\n|turn|18\n|\n|t:|1790425809\n|switch|p1a: Slowking|Slowking, F|100/100\n|switch|p2a: CleanDel\u00fcx|Rotom-Wash, shiny|100/100\n|-damage|p2a: CleanDel\u00fcx|88/100|[from] Stealth Rock\n|\n|upkeep\n|turn|19\n|\n|t:|1790425826\n|move|p2a: CleanDel\u00fcx|Volt Switch|p1a: Slowking\n|-supereffective|p1a: Slowking\n|-damage|p1a: Slowking|58/100\n|\n|t:|1790425833\n|switch|p2a: Wablu|Zapdos|94/100|[from] Volt Switch\n|move|p1a: Slowking|Teleport|p1a: Slowking\n|\n|t:|1790425841\n|switch|p1a: Mandibuzz|Mandibuzz, F|100/100|[from] Teleport\n|-damage|p1a: Mandibuzz|76/100|[from] Stealth Rock\n|\n|-fieldend|move: Electric Terrain\n|upkeep\n|turn|20\n|\n|t:|1790425849\n|move|p2a: Wablu|Volt Switch|p1a: Mandibuzz\n|-supereffective|p1a: Mandibuzz\n|-damage|p1a: Mandibuzz|24/100\n|-enditem|p1a: Mandibuzz|Sitrus Berry|[eat]\n|-heal|p1a: Mandibuzz|49/100|[from] item: Sitrus Berry\n|\n|t:|1790425858\n|switch|p2a: Du Ratte Du|Heatran, F, shiny|69/100|[from] Volt Switch\n|-damage|p2a: Du Ratte Du|56/100|[from] Spikes\n|-damage|p2a: Du Ratte Du|44/100|[from] Stealth Rock\n|move|p1a: Mandibuzz|Knock Off|p2a: Du Ratte Du\n|-damage|p2a: Du Ratte Du|29/100\n|-status|p1a: Mandibuzz|brn|[from] ability: Flame Body|[of] p2a: Du Ratte Du\n|\n|-damage|p1a: Mandibuzz|43/100 brn|[from] brn\n|upkeep\n|turn|21\n|\n|t:|1790425883\n|switch|p1a: Slowking|Slowking, F|91/100\n|move|p2a: Du Ratte Du|Magma Storm|p1a: Slowking|[miss]\n|-miss|p2a: Du Ratte Du|p1a: Slowking\n|\n|upkeep\n|turn|22\n|\n|t:|1790425891\n|move|p2a: Du Ratte Du|Stealth Rock||[still]\n|-fail|p2a: Du Ratte Du\n|move|p1a: Slowking|Teleport|p1a: Slowking\n|\n|t:|1790425902\n|switch|p1a: Tapu Koko|Tapu Koko|78/100|[from] Teleport\n|-damage|p1a: Tapu Koko|66/100|[from] Stealth Rock\n|-fieldstart|move: Electric Terrain|[from] ability: Electric Surge|[of] p1a: Tapu Koko\n|\n|upkeep\n|turn|23\n|\n|t:|1790425917\n|move|p1a: Tapu Koko|Volt Switch|p2a: Du Ratte Du\n|-damage|p2a: Du Ratte Du|0 fnt\n|faint|p2a: Du Ratte Du\n|\n|t:|1790425920\n|switch|p1a: Raichu|Raichu-Alola, M|88/100|[from] Volt Switch\n|-damage|p1a: Raichu|76/100|[from] Stealth Rock\n|\n|upkeep\n|\n|t:|1790425928\n|switch|p2a: Joey <3|Cresselia, F|50/100\n|-damage|p2a: Joey <3|38/100|[from] Stealth Rock\n|turn|24\n|\n|t:|1790425939\n|move|p1a: Raichu|Rising Voltage|p2a: Joey <3\n|-damage|p2a: Joey <3|0 fnt\n|faint|p2a: Joey <3\n|\n|upkeep\n|\n|t:|1790425957\n|switch|p2a: Wablu|Zapdos|94/100\n|turn|25\n|\n|t:|1790425963\n|move|p1a: Raichu|Rising Voltage|p2a: Wablu\n|-damage|p2a: Wablu|38/100\n|move|p2a: Wablu|Hurricane|p1a: Raichu\n|-resisted|p1a: Raichu\n|-damage|p1a: Raichu|41/100\n|\n|upkeep\n|turn|26\n|\n|t:|1790425972\n|move|p1a: Raichu|Rising Voltage|p2a: Wablu\n|-damage|p2a: Wablu|0 fnt\n|faint|p2a: Wablu\n|\n|upkeep\n|\n|t:|1790425977\n|switch|p2a: CleanDel\u00fcx|Rotom-Wash, shiny|88/100\n|-damage|p2a: CleanDel\u00fcx|75/100|[from] Stealth Rock\n|turn|27\n|\n|t:|1790426011\n|move|p1a: Raichu|Rising Voltage|p2a: CleanDel\u00fcx\n|-damage|p2a: CleanDel\u00fcx|6/100\n|move|p2a: CleanDel\u00fcx|Hydro Pump|p1a: Raichu\n|-damage|p1a: Raichu|0 fnt\n|faint|p1a: Raichu\n|\n|upkeep\n|\n|t:|1790426017\n|switch|p1a: Slowking|Slowking, F|100/100\n|turn|28\n|\n|t:|1790426023\n|move|p2a: CleanDel\u00fcx|Hydro Pump|p1a: Slowking\n|-resisted|p1a: Slowking\n|-damage|p1a: Slowking|86/100\n|move|p1a: Slowking|Toxic|p2a: CleanDel\u00fcx\n|-status|p2a: CleanDel\u00fcx|tox\n|\n|-damage|p2a: CleanDel\u00fcx|0 fnt|[from] psn\n|faint|p2a: CleanDel\u00fcx\n|\n|win|Togekaiser\n|l|\u2606MiloticMommy\n|player|p2|\n", "uploadtime": 1790426101, "views": "8", "formatid": "gen8ou", "rating": null, "private": 0, "password": null}