{"id": "gen8ou-2692369334", "format": "[Gen 8] OU", "players": ["sussaix", "hxmo \u2764\ufe0e"], "log": "|j|\u2606sussaix\n|j|\u2606hxmo \u2764\ufe0e\n|inactive|Battle timer is ON: inactive players will automatically lose when time's up.\n|t:|1791063862\n|gametype|singles\n|player|p1|sussaix|lady|\n|player|p2|hxmo \u2764\ufe0e|#teamballo2026|\n|gen|8\n|tier|[Gen 8] OU\n|rated|Tournament battle\n|rule|HP Percentage Mod: HP is shown in percentages\n|rule|Endless Battle Clause: Forcing endless battles is banned\n|rule|Sleep Clause Mod: Limit one foe put to sleep\n|rule|Species Clause: Limit one of each Pok\u00e9mon\n|rule|OHKO Clause: OHKO moves are banned\n|rule|Evasion Items Clause: Evasion items are banned\n|rule|Evasion Moves Clause: Evasion moves are banned\n|rule|Dynamax Clause: You cannot dynamax\n|clearpoke\n|poke|p1|Rillaboom, F|\n|poke|p1|Garchomp, M|\n|poke|p1|Heatran, F|\n|poke|p1|Tornadus-Therian, M|\n|poke|p1|Rotom-Wash|\n|poke|p1|Clefable, M|\n|poke|p2|Kingler, F|\n|poke|p2|Slowbro, F|\n|poke|p2|Blissey, F|\n|poke|p2|Corviknight, F|\n|poke|p2|Landorus-Therian, M|\n|poke|p2|Dragapult, M|\n|teampreview\n|inactive|hxmo \u2764\ufe0e also wants the timer to be on.\n|j| gvasco\n|\n|t:|1791063871\n|teamsize|p1|6\n|teamsize|p2|6\n|start\n|switch|p1a: Rotom|Rotom-Wash|100/100\n|switch|p2a: Landorus|Landorus-Therian, M|100/100\n|-ability|p2a: Landorus|Intimidate|boost\n|-unboost|p1a: Rotom|atk|1\n|turn|1\n|\n|t:|1791063876\n|move|p2a: Landorus|U-turn|p1a: Rotom\n|-damage|p1a: Rotom|75/100\n|\n|t:|1791063878\n|switch|p2a: Blissey|Blissey, F|100/100|[from] U-turn\n|move|p1a: Rotom|Hydro Pump|p2a: Blissey\n|-damage|p2a: Blissey|85/100\n|\n|-heal|p1a: Rotom|81/100|[from] item: Leftovers\n|upkeep\n|turn|2\n|\n|t:|1791063881\n|switch|p1a: Heatran|Heatran, F|100/100\n|move|p2a: Blissey|Teleport|p2a: Blissey\n|\n|t:|1791063883\n|switch|p2a: Landorus|Landorus-Therian, M|100/100|[from] Teleport\n|-ability|p2a: Landorus|Intimidate|boost\n|-unboost|p1a: Heatran|atk|1\n|\n|upkeep\n|turn|3\n|\n|t:|1791063887\n|switch|p1a: Tornadus|Tornadus-Therian, M|100/100\n|move|p2a: Landorus|Stealth Rock|p1a: Tornadus\n|-sidestart|p1: sussaix|move: Stealth Rock\n|\n|upkeep\n|turn|4\n|\n|t:|1791063889\n|move|p1a: Tornadus|Defog|p2a: Landorus\n|-unboost|p2a: Landorus|evasion|1\n|-sideend|p1: sussaix|Stealth Rock|[from] move: Defog|[of] p1a: Tornadus\n|move|p2a: Landorus|Knock Off|p1a: Tornadus\n|-damage|p1a: Tornadus|65/100\n|-enditem|p1a: Tornadus|Heavy-Duty Boots|[from] move: Knock Off|[of] p2a: Landorus\n|\n|upkeep\n|turn|5\n|\n|t:|1791063891\n|move|p1a: Tornadus|Hurricane|p2a: Landorus\n|-damage|p2a: Landorus|52/100\n|move|p2a: Landorus|U-turn|p1a: Tornadus\n|-resisted|p1a: Tornadus\n|-damage|p1a: Tornadus|51/100\n|j| lctrem\n|\n|t:|1791063894\n|switch|p2a: Dragapult|Dragapult, M|100/100|[from] U-turn\n|\n|upkeep\n|turn|6\n|\n|t:|1791063898\n|switch|p1a: Heatran|Heatran, F|100/100\n|move|p2a: Dragapult|U-turn|p1a: Heatran\n|-resisted|p1a: Heatran\n|-damage|p1a: Heatran|97/100\n|-status|p2a: Dragapult|brn|[from] ability: Flame Body|[of] p1a: Heatran\n|j|+golpista\n|\n|t:|1791063901\n|switch|p2a: Kingler|Kingler, F|100/100|[from] U-turn\n|\n|-heal|p1a: Heatran|100/100|[from] item: Leftovers\n|upkeep\n|turn|7\n|\n|t:|1791063909\n|switch|p1a: Rillaboom|Rillaboom, F|100/100\n|-fieldstart|move: Grassy Terrain|[from] ability: Grassy Surge|[of] p1a: Rillaboom\n|move|p2a: Kingler|Liquidation|p1a: Rillaboom\n|-resisted|p1a: Rillaboom\n|-damage|p1a: Rillaboom|52/100\n|\n|-heal|p1a: Rillaboom|59/100|[from] Grassy Terrain\n|upkeep\n|turn|8\n|c| lctrem|ta querendo farma tbm hx\n|\n|t:|1791063919\n|switch|p1a: Heatran|Heatran, F|100/100\n|switch|p2a: Corviknight|Corviknight, F|100/100\n|-ability|p2a: Corviknight|Pressure\n|\n|upkeep\n|turn|9\n|\n|t:|1791063932\n|switch|p2a: Kingler|Kingler, F|100/100\n|move|p1a: Heatran|Stealth Rock|p2a: Kingler\n|-sidestart|p2: hxmo \u2764\ufe0e|move: Stealth Rock\n|\n|upkeep\n|turn|10\n|\n|t:|1791063953\n|switch|p1a: Rillaboom|Rillaboom, F|59/100\n|move|p2a: Kingler|Swords Dance|p2a: Kingler\n|-boost|p2a: Kingler|atk|2\n|\n|-heal|p1a: Rillaboom|65/100|[from] Grassy Terrain\n|upkeep\n|turn|11\n|\n|t:|1791063971\n|switch|p2a: Corviknight|Corviknight, F|100/100\n|-damage|p2a: Corviknight|88/100|[from] Stealth Rock\n|-ability|p2a: Corviknight|Pressure\n|move|p1a: Rillaboom|Knock Off|p2a: Corviknight\n|-damage|p2a: Corviknight|61/100\n|-damage|p1a: Rillaboom|48/100|[from] item: Rocky Helmet|[of] p2a: Corviknight\n|-enditem|p2a: Corviknight|Rocky Helmet|[from] move: Knock Off|[of] p1a: Rillaboom\n|-damage|p1a: Rillaboom|38/100|[from] item: Life Orb\n|\n|-heal|p1a: Rillaboom|44/100|[from] Grassy Terrain\n|-fieldend|move: Grassy Terrain\n|upkeep\n|turn|12\n|\n|t:|1791063982\n|switch|p1a: Heatran|Heatran, F|100/100\n|move|p2a: Corviknight|Defog|p1a: Heatran\n|-unboost|p1a: Heatran|evasion|1\n|-sideend|p2: hxmo \u2764\ufe0e|Stealth Rock|[from] move: Defog|[of] p2a: Corviknight\n|\n|upkeep\n|turn|13\n|\n|t:|1791063985\n|switch|p2a: Kingler|Kingler, F|100/100\n|move|p1a: Heatran|Stealth Rock|p2a: Kingler\n|-sidestart|p2: hxmo \u2764\ufe0e|move: Stealth Rock\n|\n|upkeep\n|turn|14\n|\n|t:|1791063991\n|switch|p1a: Rotom|Rotom-Wash|81/100\n|move|p2a: Kingler|Liquidation|p1a: Rotom\n|-resisted|p1a: Rotom\n|-damage|p1a: Rotom|33/100\n|\n|-heal|p1a: Rotom|40/100|[from] item: Leftovers\n|upkeep\n|turn|15\n|j| butterfly in bloom\n|\n|t:|1791063995\n|move|p1a: Rotom|Pain Split|p2a: Kingler\n|-sethp|p2a: Kingler|74/100|[from] move: Pain Split|[silent]\n|-sethp|p1a: Rotom|61/100|[from] move: Pain Split\n|move|p2a: Kingler|Superpower|p1a: Rotom\n|-damage|p1a: Rotom|0 fnt\n|-unboost|p2a: Kingler|atk|1\n|-unboost|p2a: Kingler|def|1\n|faint|p1a: Rotom\n|-damage|p2a: Kingler|64/100|[from] item: Life Orb\n|\n|upkeep\n|\n|t:|1791064001\n|switch|p1a: Hydr6c0don$|Garchomp, M|100/100\n|turn|16\n|\n|t:|1791064006\n|switch|p2a: Corviknight|Corviknight, F|61/100\n|-damage|p2a: Corviknight|49/100|[from] Stealth Rock\n|-ability|p2a: Corviknight|Pressure\n|move|p1a: Hydr6c0don$|Swords Dance|p1a: Hydr6c0don$\n|-boost|p1a: Hydr6c0don$|atk|2\n|\n|upkeep\n|turn|17\n|\n|t:|1791064010\n|switch|p2a: Slowbro|Slowbro, F|100/100\n|move|p1a: Hydr6c0don$|Swords Dance|p1a: Hydr6c0don$\n|-boost|p1a: Hydr6c0don$|atk|2\n|\n|upkeep\n|turn|18\n|\n|t:|1791064015\n|move|p1a: Hydr6c0don$|Protect|p1a: Hydr6c0don$\n|-singleturn|p1a: Hydr6c0don$|Protect\n|move|p2a: Slowbro|Scald|p1a: Hydr6c0don$\n|-activate|p1a: Hydr6c0don$|move: Protect\n|\n|upkeep\n|turn|19\n|j| anos luz\n|\n|t:|1791064022\n|move|p1a: Hydr6c0don$|Earthquake|p2a: Slowbro\n|-damage|p2a: Slowbro|15/100\n|move|p2a: Slowbro|Scald|p1a: Hydr6c0don$\n|-damage|p1a: Hydr6c0don$|73/100\n|\n|-heal|p1a: Hydr6c0don$|79/100|[from] item: Leftovers\n|upkeep\n|turn|20\n|j| aoi_happy\n|\n|t:|1791064026\n|move|p1a: Hydr6c0don$|Scale Shot|p2a: Slowbro\n|-damage|p2a: Slowbro|0 fnt\n|faint|p2a: Slowbro\n|-hitcount|p2: Slowbro|1\n|-unboost|p1a: Hydr6c0don$|def|1\n|-boost|p1a: Hydr6c0don$|spe|1\n|\n|-heal|p1a: Hydr6c0don$|86/100|[from] item: Leftovers\n|upkeep\n|\n|t:|1791064029\n|switch|p2a: Corviknight|Corviknight, F|49/100\n|-damage|p2a: Corviknight|36/100|[from] Stealth Rock\n|-ability|p2a: Corviknight|Pressure\n|turn|21\n|\n|t:|1791064031\n|move|p1a: Hydr6c0don$|Scale Shot|p2a: Corviknight\n|-resisted|p2a: Corviknight\n|-damage|p2a: Corviknight|25/100\n|-resisted|p2a: Corviknight\n|-damage|p2a: Corviknight|14/100\n|-resisted|p2a: Corviknight\n|-damage|p2a: Corviknight|2/100\n|-hitcount|p2a: Corviknight|3\n|-unboost|p1a: Hydr6c0don$|def|1\n|-boost|p1a: Hydr6c0don$|spe|1\n|move|p2a: Corviknight|Roost|p2a: Corviknight\n|-heal|p2a: Corviknight|52/100\n|-singleturn|p2a: Corviknight|move: Roost\n|\n|-heal|p1a: Hydr6c0don$|92/100|[from] item: Leftovers\n|upkeep\n|turn|22\n|j| SouCarlos\n|\n|t:|1791064039\n|move|p1a: Hydr6c0don$|Swords Dance|p1a: Hydr6c0don$\n|-boost|p1a: Hydr6c0don$|atk|2\n|move|p2a: Corviknight|Roost|p2a: Corviknight\n|-heal|p2a: Corviknight|100/100\n|-singleturn|p2a: Corviknight|move: Roost\n|\n|-heal|p1a: Hydr6c0don$|98/100|[from] item: Leftovers\n|upkeep\n|turn|23\n|\n|t:|1791064044\n|move|p1a: Hydr6c0don$|Protect|p1a: Hydr6c0don$\n|-singleturn|p1a: Hydr6c0don$|Protect\n|move|p2a: Corviknight|Iron Defense|p2a: Corviknight\n|-boost|p2a: Corviknight|def|2\n|\n|-heal|p1a: Hydr6c0don$|100/100|[from] item: Leftovers\n|upkeep\n|turn|24\n|\n|t:|1791064051\n|switch|p1a: Clefable|Clefable, M|100/100\n|move|p2a: Corviknight|Body Press|p1a: Clefable\n|-resisted|p1a: Clefable\n|-damage|p1a: Clefable|79/100\n|\n|-heal|p1a: Clefable|85/100|[from] item: Leftovers\n|upkeep\n|turn|25\n|j| A HERO'S DESTINY\n|j| GRENINJA_mdm\n|\n|t:|1791064060\n|move|p2a: Corviknight|Defog|p1a: Clefable\n|-unboost|p1a: Clefable|evasion|1\n|-sideend|p2: hxmo \u2764\ufe0e|Stealth Rock|[from] move: Defog|[of] p2a: Corviknight\n|move|p1a: Clefable|Moonblast|p2a: Corviknight\n|-resisted|p2a: Corviknight\n|-damage|p2a: Corviknight|85/100\n|\n|-heal|p1a: Clefable|91/100|[from] item: Leftovers\n|upkeep\n|turn|26\n|\n|t:|1791064063\n|move|p2a: Corviknight|Iron Defense|p2a: Corviknight\n|-boost|p2a: Corviknight|def|2\n|move|p1a: Clefable|Thunder|p2a: Corviknight|[miss]\n|-miss|p1a: Clefable|p2a: Corviknight\n|\n|-heal|p1a: Clefable|97/100|[from] item: Leftovers\n|upkeep\n|turn|27\n|j| NinjaCaro\n|\n|t:|1791064069\n|switch|p2a: Blissey|Blissey, F|85/100\n|move|p1a: Clefable|Calm Mind|p1a: Clefable\n|-boost|p1a: Clefable|spa|1\n|-boost|p1a: Clefable|spd|1\n|\n|-heal|p1a: Clefable|100/100|[from] item: Leftovers\n|upkeep\n|turn|28\n|\n|t:|1791064075\n|move|p1a: Clefable|Calm Mind|p1a: Clefable\n|-boost|p1a: Clefable|spa|1\n|-boost|p1a: Clefable|spd|1\n|move|p2a: Blissey|Teleport|p2a: Blissey\n|\n|t:|1791064078\n|switch|p2a: Landorus|Landorus-Therian, M|52/100|[from] Teleport\n|-ability|p2a: Landorus|Intimidate|boost\n|-unboost|p1a: Clefable|atk|1\n|\n|-heal|p2a: Landorus|58/100|[from] item: Leftovers\n|upkeep\n|turn|29\n|\n|t:|1791064081\n|move|p2a: Landorus|Earthquake|p1a: Clefable\n|-damage|p1a: Clefable|51/100\n|move|p1a: Clefable|Moonblast|p2a: Landorus\n|-damage|p2a: Landorus|0 fnt\n|faint|p2a: Landorus\n|\n|-heal|p1a: Clefable|57/100|[from] item: Leftovers\n|upkeep\n|\n|t:|1791064083\n|switch|p2a: Kingler|Kingler, F|64/100\n|turn|30\n|\n|t:|1791064092\n|switch|p1a: Rillaboom|Rillaboom, F|44/100\n|-fieldstart|move: Grassy Terrain|[from] ability: Grassy Surge|[of] p1a: Rillaboom\n|move|p2a: Kingler|Liquidation|p1a: Rillaboom\n|-resisted|p1a: Rillaboom\n|-damage|p1a: Rillaboom|1/100\n|\n|-heal|p1a: Rillaboom|7/100|[from] Grassy Terrain\n|-heal|p2a: Kingler|70/100|[from] Grassy Terrain\n|upkeep\n|turn|31\n|\n|t:|1791064099\n|switch|p2a: Corviknight|Corviknight, F|85/100\n|-ability|p2a: Corviknight|Pressure\n|move|p1a: Rillaboom|Swords Dance|p1a: Rillaboom\n|-boost|p1a: Rillaboom|atk|2\n|\n|-heal|p1a: Rillaboom|13/100|[from] Grassy Terrain\n|upkeep\n|turn|32\n|\n|t:|1791064102\n|move|p1a: Rillaboom|Superpower|p2a: Corviknight\n|-damage|p2a: Corviknight|21/100\n|-unboost|p1a: Rillaboom|atk|1\n|-unboost|p1a: Rillaboom|def|1\n|-damage|p1a: Rillaboom|3/100|[from] item: Life Orb\n|move|p2a: Corviknight|Body Press|p1a: Rillaboom\n|-damage|p1a: Rillaboom|0 fnt\n|faint|p1a: Rillaboom\n|\n|upkeep\n|j|+notlena\n|\n|t:|1791064111\n|switch|p1a: Heatran|Heatran, F|100/100\n|turn|33\n|\n|t:|1791064113\n|move|p1a: Heatran|Magma Storm|p2a: Corviknight\n|-supereffective|p2a: Corviknight\n|-damage|p2a: Corviknight|0 fnt\n|faint|p2a: Corviknight\n|\n|upkeep\n|\n|t:|1791064123\n|switch|p2a: Kingler|Kingler, F|70/100\n|turn|34\n|\n|t:|1791064127\n|move|p2a: Kingler|Liquidation|p1a: Heatran\n|-supereffective|p1a: Heatran\n|-damage|p1a: Heatran|0 fnt\n|faint|p1a: Heatran\n|\n|-heal|p2a: Kingler|76/100|[from] Grassy Terrain\n|-fieldend|move: Grassy Terrain\n|upkeep\n|\n|t:|1791064134\n|switch|p1a: Tornadus|Tornadus-Therian, M|84/100\n|turn|35\n|\n|t:|1791064138\n|switch|p2a: Blissey|Blissey, F|85/100\n|move|p1a: Tornadus|U-turn|p2a: Blissey\n|-damage|p2a: Blissey|72/100\n|l| GRENINJA_mdm\n|\n|t:|1791064155\n|switch|p1a: Clefable|Clefable, M|57/100|[from] U-turn\n|\n|-heal|p1a: Clefable|63/100|[from] item: Leftovers\n|upkeep\n|turn|36\n|\n|t:|1791064158\n|move|p1a: Clefable|Soft-Boiled|p1a: Clefable\n|-heal|p1a: Clefable|100/100\n|move|p2a: Blissey|Teleport|p2a: Blissey\n|\n|t:|1791064161\n|switch|p2a: Kingler|Kingler, F|76/100|[from] Teleport\n|\n|upkeep\n|turn|37\n|\n|t:|1791064165\n|switch|p2a: Blissey|Blissey, F|72/100\n|move|p1a: Clefable|Moonblast|p2a: Blissey\n|-damage|p2a: Blissey|61/100\n|\n|upkeep\n|turn|38\n|\n|t:|1791064168\n|move|p1a: Clefable|Calm Mind|p1a: Clefable\n|-boost|p1a: Clefable|spa|1\n|-boost|p1a: Clefable|spd|1\n|move|p2a: Blissey|Seismic Toss|p1a: Clefable\n|-damage|p1a: Clefable|75/100\n|\n|-heal|p1a: Clefable|81/100|[from] item: Leftovers\n|upkeep\n|turn|39\n|\n|t:|1791064176\n|move|p1a: Clefable|Soft-Boiled|p1a: Clefable\n|-heal|p1a: Clefable|100/100\n|move|p2a: Blissey|Thunder Wave|p1a: Clefable\n|-status|p1a: Clefable|par\n|\n|upkeep\n|turn|40\n|\n|t:|1791064179\n|move|p2a: Blissey|Seismic Toss|p1a: Clefable\n|-damage|p1a: Clefable|75/100 par\n|move|p1a: Clefable|Moonblast|p2a: Blissey\n|-damage|p2a: Blissey|43/100\n|\n|-heal|p1a: Clefable|81/100 par|[from] item: Leftovers\n|upkeep\n|turn|41\n|\n|t:|1791064182\n|move|p2a: Blissey|Soft-Boiled|p2a: Blissey\n|-heal|p2a: Blissey|93/100\n|move|p1a: Clefable|Soft-Boiled|p1a: Clefable\n|-heal|p1a: Clefable|100/100 par\n|\n|upkeep\n|turn|42\n|\n|t:|1791064184\n|move|p2a: Blissey|Seismic Toss|p1a: Clefable\n|-damage|p1a: Clefable|75/100 par\n|cant|p1a: Clefable|par\n|\n|-heal|p1a: Clefable|81/100 par|[from] item: Leftovers\n|upkeep\n|turn|43\n|\n|t:|1791064186\n|move|p2a: Blissey|Seismic Toss|p1a: Clefable\n|-damage|p1a: Clefable|56/100 par\n|move|p1a: Clefable|Soft-Boiled|p1a: Clefable\n|-heal|p1a: Clefable|100/100 par\n|\n|upkeep\n|turn|44\n|\n|t:|1791064189\n|move|p2a: Blissey|Seismic Toss|p1a: Clefable\n|-damage|p1a: Clefable|75/100 par\n|cant|p1a: Clefable|par\n|\n|-heal|p1a: Clefable|81/100 par|[from] item: Leftovers\n|upkeep\n|turn|45\n|\n|t:|1791064191\n|move|p2a: Blissey|Seismic Toss|p1a: Clefable\n|-damage|p1a: Clefable|56/100 par\n|move|p1a: Clefable|Soft-Boiled|p1a: Clefable\n|-heal|p1a: Clefable|100/100 par\n|\n|upkeep\n|turn|46\n|\n|t:|1791064195\n|move|p2a: Blissey|Seismic Toss|p1a: Clefable\n|-damage|p1a: Clefable|75/100 par\n|move|p1a: Clefable|Calm Mind|p1a: Clefable\n|-boost|p1a: Clefable|spa|1\n|-boost|p1a: Clefable|spd|1\n|\n|-heal|p1a: Clefable|81/100 par|[from] item: Leftovers\n|upkeep\n|turn|47\n|\n|t:|1791064198\n|move|p2a: Blissey|Seismic Toss|p1a: Clefable\n|-damage|p1a: Clefable|56/100 par\n|move|p1a: Clefable|Soft-Boiled|p1a: Clefable\n|-heal|p1a: Clefable|100/100 par\n|\n|upkeep\n|turn|48\n|\n|t:|1791064203\n|move|p2a: Blissey|Seismic Toss|p1a: Clefable\n|-damage|p1a: Clefable|75/100 par\n|move|p1a: Clefable|Thunder|p2a: Blissey\n|-damage|p2a: Blissey|75/100\n|\n|-heal|p1a: Clefable|81/100 par|[from] item: Leftovers\n|upkeep\n|turn|49\n|\n|t:|1791064205\n|move|p2a: Blissey|Seismic Toss|p1a: Clefable\n|-damage|p1a: Clefable|56/100 par\n|cant|p1a: Clefable|par\n|\n|-heal|p1a: Clefable|62/100 par|[from] item: Leftovers\n|upkeep\n|turn|50\n|\n|t:|1791064208\n|move|p2a: Blissey|Soft-Boiled|p2a: Blissey\n|-heal|p2a: Blissey|100/100\n|move|p1a: Clefable|Soft-Boiled|p1a: Clefable\n|-heal|p1a: Clefable|100/100 par\n|\n|upkeep\n|turn|51\n|\n|t:|1791064210\n|move|p2a: Blissey|Seismic Toss|p1a: Clefable\n|-damage|p1a: Clefable|75/100 par\n|move|p1a: Clefable|Calm Mind|p1a: Clefable\n|-boost|p1a: Clefable|spa|1\n|-boost|p1a: Clefable|spd|1\n|\n|-heal|p1a: Clefable|81/100 par|[from] item: Leftovers\n|upkeep\n|turn|52\n|\n|t:|1791064213\n|move|p2a: Blissey|Seismic Toss|p1a: Clefable\n|-damage|p1a: Clefable|56/100 par\n|cant|p1a: Clefable|par\n|\n|-heal|p1a: Clefable|62/100 par|[from] item: Leftovers\n|upkeep\n|turn|53\n|\n|t:|1791064215\n|move|p1a: Clefable|Soft-Boiled|p1a: Clefable\n|-heal|p1a: Clefable|100/100 par\n|move|p2a: Blissey|Teleport|p2a: Blissey\n|\n|t:|1791064218\n|switch|p2a: Dragapult|Dragapult, M|100/100 brn|[from] Teleport\n|\n|-damage|p2a: Dragapult|95/100 brn|[from] brn\n|upkeep\n|turn|54\n|\n|t:|1791064221\n|move|p2a: Dragapult|U-turn|p1a: Clefable\n|-resisted|p1a: Clefable\n|-damage|p1a: Clefable|97/100 par\n|\n|t:|1791064223\n|switch|p2a: Blissey|Blissey, F|100/100|[from] U-turn\n|cant|p1a: Clefable|par\n|\n|-heal|p1a: Clefable|100/100 par|[from] item: Leftovers\n|upkeep\n|turn|55\n|\n|t:|1791064226\n|move|p2a: Blissey|Seismic Toss|p1a: Clefable\n|-damage|p1a: Clefable|75/100 par\n|move|p1a: Clefable|Calm Mind|p1a: Clefable\n|-boost|p1a: Clefable|spa|1\n|-boost|p1a: Clefable|spd|1\n|\n|-heal|p1a: Clefable|81/100 par|[from] item: Leftovers\n|upkeep\n|turn|56\n|\n|t:|1791064229\n|move|p2a: Blissey|Seismic Toss|p1a: Clefable\n|-damage|p1a: Clefable|56/100 par\n|cant|p1a: Clefable|par\n|\n|-heal|p1a: Clefable|62/100 par|[from] item: Leftovers\n|upkeep\n|turn|57\n|\n|t:|1791064232\n|move|p1a: Clefable|Soft-Boiled|p1a: Clefable\n|-heal|p1a: Clefable|100/100 par\n|move|p2a: Blissey|Teleport|p2a: Blissey\n|\n|t:|1791064239\n|switch|p2a: Kingler|Kingler, F|76/100|[from] Teleport\n|\n|upkeep\n|turn|58\n|\n|t:|1791064241\n|move|p2a: Kingler|Liquidation|p1a: Clefable\n|-damage|p1a: Clefable|39/100 par\n|move|p1a: Clefable|Moonblast|p2a: Kingler\n|-damage|p2a: Kingler|0 fnt\n|faint|p2a: Kingler\n|\n|-heal|p1a: Clefable|45/100 par|[from] item: Leftovers\n|upkeep\n|\n|t:|1791064245\n|switch|p2a: Blissey|Blissey, F|100/100\n|turn|59\n|\n|t:|1791064247\n|move|p2a: Blissey|Seismic Toss|p1a: Clefable\n|-damage|p1a: Clefable|20/100 par\n|move|p1a: Clefable|Soft-Boiled|p1a: Clefable\n|-heal|p1a: Clefable|70/100 par\n|\n|-heal|p1a: Clefable|76/100 par|[from] item: Leftovers\n|upkeep\n|turn|60\n|\n|t:|1791064250\n|move|p2a: Blissey|Seismic Toss|p1a: Clefable\n|-damage|p1a: Clefable|50/100 par\n|move|p1a: Clefable|Soft-Boiled|p1a: Clefable\n|-heal|p1a: Clefable|99/100 par\n|\n|-heal|p1a: Clefable|100/100 par|[from] item: Leftovers\n|upkeep\n|turn|61\n|\n|t:|1791064252\n|move|p2a: Blissey|Seismic Toss|p1a: Clefable\n|-damage|p1a: Clefable|75/100 par\n|move|p1a: Clefable|Calm Mind|p1a: Clefable\n|-boost|p1a: Clefable|spa|1\n|-boost|p1a: Clefable|spd|1\n|\n|-heal|p1a: Clefable|81/100 par|[from] item: Leftovers\n|upkeep\n|turn|62\n|\n|t:|1791064257\n|move|p2a: Blissey|Seismic Toss|p1a: Clefable\n|-damage|p1a: Clefable|56/100 par\n|move|p1a: Clefable|Soft-Boiled|p1a: Clefable\n|-heal|p1a: Clefable|100/100 par\n|\n|upkeep\n|turn|63\n|\n|t:|1791064261\n|move|p2a: Blissey|Seismic Toss|p1a: Clefable\n|-damage|p1a: Clefable|75/100 par\n|cant|p1a: Clefable|par\n|\n|-heal|p1a: Clefable|81/100 par|[from] item: Leftovers\n|upkeep\n|turn|64\n|\n|t:|1791064264\n|move|p2a: Blissey|Seismic Toss|p1a: Clefable\n|-damage|p1a: Clefable|56/100 par\n|move|p1a: Clefable|Soft-Boiled|p1a: Clefable\n|-heal|p1a: Clefable|100/100 par\n|\n|upkeep\n|turn|65\n|\n|t:|1791064266\n|move|p2a: Blissey|Seismic Toss|p1a: Clefable\n|-damage|p1a: Clefable|75/100 par\n|move|p1a: Clefable|Calm Mind|p1a: Clefable\n|-boost|p1a: Clefable|spa|1\n|-boost|p1a: Clefable|spd|1\n|\n|-heal|p1a: Clefable|81/100 par|[from] item: Leftovers\n|upkeep\n|turn|66\n|\n|t:|1791064269\n|move|p2a: Blissey|Seismic Toss|p1a: Clefable\n|-damage|p1a: Clefable|56/100 par\n|move|p1a: Clefable|Moonblast|p2a: Blissey\n|-damage|p2a: Blissey|55/100\n|\n|-heal|p1a: Clefable|62/100 par|[from] item: Leftovers\n|upkeep\n|turn|67\n|\n|t:|1791064272\n|move|p2a: Blissey|Seismic Toss|p1a: Clefable\n|-damage|p1a: Clefable|37/100 par\n|cant|p1a: Clefable|par\n|\n|-heal|p1a: Clefable|43/100 par|[from] item: Leftovers\n|upkeep\n|turn|68\n|\n|t:|1791064276\n|move|p2a: Blissey|Seismic Toss|p1a: Clefable\n|-damage|p1a: Clefable|17/100 par\n|move|p1a: Clefable|Soft-Boiled|p1a: Clefable\n|-heal|p1a: Clefable|67/100 par\n|\n|-heal|p1a: Clefable|73/100 par|[from] item: Leftovers\n|upkeep\n|turn|69\n|\n|t:|1791064279\n|move|p2a: Blissey|Seismic Toss|p1a: Clefable\n|-damage|p1a: Clefable|48/100 par\n|move|p1a: Clefable|Moonblast|p2a: Blissey\n|-damage|p2a: Blissey|5/100\n|-unboost|p2a: Blissey|spa|1\n|\n|-heal|p1a: Clefable|54/100 par|[from] item: Leftovers\n|upkeep\n|turn|70\n|\n|t:|1791064282\n|move|p2a: Blissey|Seismic Toss|p1a: Clefable\n|-damage|p1a: Clefable|29/100 par\n|move|p1a: Clefable|Soft-Boiled|p1a: Clefable\n|-heal|p1a: Clefable|79/100 par\n|\n|-heal|p1a: Clefable|85/100 par|[from] item: Leftovers\n|upkeep\n|turn|71\n|\n|t:|1791064286\n|move|p2a: Blissey|Soft-Boiled|p2a: Blissey\n|-heal|p2a: Blissey|55/100\n|move|p1a: Clefable|Moonblast|p2a: Blissey\n|-damage|p2a: Blissey|9/100\n|\n|-heal|p1a: Clefable|91/100 par|[from] item: Leftovers\n|upkeep\n|turn|72\n|\n|t:|1791064288\n|move|p2a: Blissey|Soft-Boiled|p2a: Blissey\n|-heal|p2a: Blissey|59/100\n|move|p1a: Clefable|Moonblast|p2a: Blissey\n|-damage|p2a: Blissey|14/100\n|\n|-heal|p1a: Clefable|97/100 par|[from] item: Leftovers\n|upkeep\n|turn|73\n|\n|t:|1791064292\n|move|p2a: Blissey|Soft-Boiled|p2a: Blissey\n|-heal|p2a: Blissey|64/100\n|move|p1a: Clefable|Moonblast|p2a: Blissey\n|-damage|p2a: Blissey|20/100\n|\n|-heal|p1a: Clefable|100/100 par|[from] item: Leftovers\n|upkeep\n|turn|74\n|j| Cataclyismo\n|\n|t:|1791064295\n|move|p2a: Blissey|Soft-Boiled|p2a: Blissey\n|-heal|p2a: Blissey|70/100\n|move|p1a: Clefable|Moonblast|p2a: Blissey\n|-damage|p2a: Blissey|22/100\n|\n|upkeep\n|turn|75\n|j| SV RIXK1_\n|\n|t:|1791064298\n|move|p2a: Blissey|Soft-Boiled|p2a: Blissey\n|-heal|p2a: Blissey|72/100\n|move|p1a: Clefable|Moonblast|p2a: Blissey\n|-damage|p2a: Blissey|23/100\n|\n|upkeep\n|turn|76\n|\n|t:|1791064301\n|move|p2a: Blissey|Soft-Boiled|p2a: Blissey\n|-heal|p2a: Blissey|73/100\n|move|p1a: Clefable|Moonblast|p2a: Blissey\n|-damage|p2a: Blissey|31/100\n|\n|upkeep\n|turn|77\n|\n|t:|1791064304\n|move|p2a: Blissey|Soft-Boiled|p2a: Blissey\n|-heal|p2a: Blissey|81/100\n|move|p1a: Clefable|Moonblast|p2a: Blissey\n|-damage|p2a: Blissey|33/100\n|\n|upkeep\n|turn|78\n|\n|t:|1791064307\n|move|p2a: Blissey|Soft-Boiled|p2a: Blissey\n|-heal|p2a: Blissey|83/100\n|move|p1a: Clefable|Moonblast|p2a: Blissey\n|-damage|p2a: Blissey|38/100\n|-unboost|p2a: Blissey|spa|1\n|\n|upkeep\n|turn|79\n|j| GRENINJA_mdm\n|\n|t:|1791064310\n|move|p2a: Blissey|Seismic Toss|p1a: Clefable\n|-damage|p1a: Clefable|75/100 par\n|move|p1a: Clefable|Moonblast|p2a: Blissey\n|-damage|p2a: Blissey|0 fnt\n|faint|p2a: Blissey\n|\n|-heal|p1a: Clefable|81/100 par|[from] item: Leftovers\n|upkeep\n|\n|t:|1791064313\n|switch|p2a: Dragapult|Dragapult, M|95/100 brn\n|turn|80\n|\n|t:|1791064315\n|move|p2a: Dragapult|Shadow Ball|p1a: Clefable\n|-damage|p1a: Clefable|68/100 par\n|-unboost|p1a: Clefable|spd|1\n|move|p1a: Clefable|Moonblast|p2a: Dragapult\n|-supereffective|p2a: Dragapult\n|-damage|p2a: Dragapult|0 fnt\n|faint|p2a: Dragapult\n|\n|win|sussaix\n|n|\u2606sussaix|sussaix\n|n|\u2606hxmo \u2764\ufe0e|hxmo\n|n| gvasco|gvasco\n|n| lctrem|lctrem\n|n| golpista|golpista\n|n| butterfly in bloom|butterflyinbloom\n|n| anos luz|anosluz\n|n| aoi_happy|aoihappy\n|n| SouCarlos|soucarlos\n|n| A HERO'S DESTINY|aherosdestiny\n|n| NinjaCaro|ninjacaro\n|n| notlena|notlena\n|n| Cataclyismo|cataclyismo\n|n| SV RIXK1_|svrixk1\n|n| GRENINJA_mdm|greninjamdm\n|l|\u2606hxmo \u2764\ufe0e\n|player|p2|\n|l| SouCarlos\n|l| Cataclyismo\n|l| GRENINJA_mdm\n|l| gvasco\n|l|\u2606sussaix\n|player|p1|\n|j| AmoMeuPaieMinhaMae\n|l| AmoMeuPaieMinhaMae\n|l| anos luz\n|l| lctrem\n|j| talveznao\n|l| aoi_happy\n|l| talveznao\n|j| lctrem\n|l| notlena\n|l| butterfly in bloom\n|l| A HERO'S DESTINY\n|l| NinjaCaro\n|l| lctrem\n|l| SV RIXK1_\n", "uploadtime": 1791064315, "views": "1", "formatid": "gen8ou", "rating": null, "private": 0, "password": null}