{"id": "gen8ou-2691298594", "format": "[Gen 8] OU", "players": ["CranberryHabits", "TimurGoesWild"], "log": "|j|\u2606CranberryHabits\n|j|\u2606TimurGoesWild\n|t:|1790893307\n|gametype|singles\n|player|p1|CranberryHabits|parasollady|1048\n|player|p2|TimurGoesWild|266|1051\n|gen|8\n|tier|[Gen 8] OU\n|rated|\n|rule|HP Percentage Mod: HP is shown in percentages\n|rule|Endless Battle Clause: Forcing endless battles is banned\n|rule|Sleep Clause Mod: Limit one foe put to sleep\n|rule|Species Clause: Limit one of each Pok\u00e9mon\n|rule|OHKO Clause: OHKO moves are banned\n|rule|Evasion Items Clause: Evasion items are banned\n|rule|Evasion Moves Clause: Evasion moves are banned\n|rule|Dynamax Clause: You cannot dynamax\n|clearpoke\n|poke|p1|Ribombee, M|\n|poke|p1|Tapu Bulu|\n|poke|p1|Urshifu-*, F|\n|poke|p1|Kartana|\n|poke|p1|Buzzwole|\n|poke|p1|Dragapult, M|\n|poke|p2|Zeraora|\n|poke|p2|Dragapult, M|\n|poke|p2|Moltres-Galar|\n|poke|p2|Scizor, F|\n|poke|p2|Barraskewda, M|\n|poke|p2|Cinccino, F|\n|teampreview\n|j| GruesomeLovelies\n|\n|t:|1790893332\n|teamsize|p1|6\n|teamsize|p2|6\n|start\n|switch|p1a: Ribombee|Ribombee, M|100/100\n|switch|p2a: Moltres|Moltres-Galar|100/100\n|turn|1\n|\n|t:|1790893339\n|move|p1a: Ribombee|Stun Spore|p2a: Moltres\n|-status|p2a: Moltres|par\n|move|p2a: Moltres|Brave Bird|p1a: Ribombee\n|-supereffective|p1a: Ribombee\n|-enditem|p1a: Ribombee|Focus Sash\n|-damage|p1a: Ribombee|1/100\n|-damage|p2a: Moltres|67/100 par|[from] Recoil\n|-damage|p2a: Moltres|58/100 par|[from] item: Life Orb\n|\n|upkeep\n|turn|2\n|\n|t:|1790893350\n|move|p1a: Ribombee|Sticky Web|p2a: Moltres\n|-sidestart|p2: TimurGoesWild|move: Sticky Web\n|move|p2a: Moltres|Fiery Wrath|p1a: Ribombee\n|-resisted|p1a: Ribombee\n|-damage|p1a: Ribombee|0 fnt\n|faint|p1a: Ribombee\n|-damage|p2a: Moltres|48/100 par|[from] item: Life Orb\n|\n|upkeep\n|inactive|Battle timer is ON: inactive players will automatically lose when time's up. (requested by TimurGoesWild)\n|\n|t:|1790893376\n|switch|p1a: Urshifu|Urshifu-Rapid-Strike, F|100/100\n|turn|3\n|\n|t:|1790893399\n|move|p2a: Moltres|Sucker Punch|p1a: Urshifu\n|-resisted|p1a: Urshifu\n|-damage|p1a: Urshifu|82/100\n|-damage|p2a: Moltres|38/100 par|[from] item: Life Orb\n|move|p1a: Urshifu|Surging Strikes|p2a: Moltres\n|-crit|p2a: Moltres\n|-damage|p2a: Moltres|15/100 par\n|-crit|p2a: Moltres\n|-damage|p2a: Moltres|0 fnt\n|faint|p2a: Moltres\n|-hitcount|p2: Moltres|2\n|\n|-heal|p1a: Urshifu|89/100|[from] item: Leftovers\n|upkeep\n|\n|t:|1790893408\n|switch|p2a: Zeraora|Zeraora|100/100\n|-activate|p2a: Zeraora|move: Sticky Web\n|-unboost|p2a: Zeraora|spe|1\n|turn|4\n|\n|t:|1790893414\n|switch|p1a: Tapu Bulu|Tapu Bulu|100/100\n|-fieldstart|move: Grassy Terrain|[from] ability: Grassy Surge|[of] p1a: Tapu Bulu\n|move|p2a: Zeraora|Plasma Fists|p1a: Tapu Bulu\n|-resisted|p1a: Tapu Bulu\n|-damage|p1a: Tapu Bulu|78/100\n|-fieldactivate|move: Ion Deluge\n|-hint|Normal-type moves become Electric-type after using Plasma Fists.\n|\n|-heal|p1a: Tapu Bulu|85/100|[from] Grassy Terrain\n|-heal|p1a: Tapu Bulu|91/100|[from] item: Leftovers\n|upkeep\n|turn|5\n|\n|t:|1790893431\n|move|p2a: Zeraora|Knock Off|p1a: Tapu Bulu\n|-resisted|p1a: Tapu Bulu\n|-damage|p1a: Tapu Bulu|77/100\n|-enditem|p1a: Tapu Bulu|Leftovers|[from] move: Knock Off|[of] p2a: Zeraora\n|move|p1a: Tapu Bulu|Swords Dance|p1a: Tapu Bulu\n|-boost|p1a: Tapu Bulu|atk|2\n|\n|-heal|p1a: Tapu Bulu|83/100|[from] Grassy Terrain\n|upkeep\n|turn|6\n|\n|t:|1790893440\n|switch|p2a: Scizor|Scizor, F|100/100\n|-activate|p2a: Scizor|move: Sticky Web\n|-unboost|p2a: Scizor|spe|1\n|move|p1a: Tapu Bulu|Horn Leech|p2a: Scizor\n|-resisted|p2a: Scizor\n|-damage|p2a: Scizor|75/100\n|-heal|p1a: Tapu Bulu|93/100|[from] drain|[of] p2a: Scizor\n|-damage|p1a: Tapu Bulu|77/100|[from] item: Rocky Helmet|[of] p2a: Scizor\n|\n|-heal|p1a: Tapu Bulu|83/100|[from] Grassy Terrain\n|-heal|p2a: Scizor|81/100|[from] Grassy Terrain\n|upkeep\n|turn|7\n|\n|t:|1790893451\n|move|p2a: Scizor|Bullet Punch|p1a: Tapu Bulu\n|-supereffective|p1a: Tapu Bulu\n|-damage|p1a: Tapu Bulu|27/100\n|move|p1a: Tapu Bulu|Superpower|p2a: Scizor\n|-damage|p2a: Scizor|0 fnt\n|-unboost|p1a: Tapu Bulu|atk|1\n|-unboost|p1a: Tapu Bulu|def|1\n|-damage|p1a: Tapu Bulu|10/100|[from] item: Rocky Helmet|[of] p2a: Scizor\n|faint|p2a: Scizor\n|\n|-heal|p1a: Tapu Bulu|16/100|[from] Grassy Terrain\n|upkeep\n|\n|t:|1790893459\n|switch|p2a: Cinccino|Cinccino, F|100/100\n|-activate|p2a: Cinccino|move: Sticky Web\n|-unboost|p2a: Cinccino|spe|1\n|turn|8\n|\n|t:|1790893470\n|move|p2a: Cinccino|Last Resort||[still]\n|-fail|p2a: Cinccino\n|move|p1a: Tapu Bulu|Superpower|p2a: Cinccino\n|-supereffective|p2a: Cinccino\n|-damage|p2a: Cinccino|0 fnt\n|-unboost|p1a: Tapu Bulu|atk|1\n|-unboost|p1a: Tapu Bulu|def|1\n|faint|p2a: Cinccino\n|\n|-heal|p1a: Tapu Bulu|23/100|[from] Grassy Terrain\n|-fieldend|move: Grassy Terrain\n|upkeep\n|\n|t:|1790893479\n|switch|p2a: Barraskewda|Barraskewda, M|100/100\n|-activate|p2a: Barraskewda|move: Sticky Web\n|-unboost|p2a: Barraskewda|spe|1\n|turn|9\n|\n|t:|1790893485\n|move|p1a: Tapu Bulu|Protect|p1a: Tapu Bulu\n|-singleturn|p1a: Tapu Bulu|Protect\n|move|p2a: Barraskewda|Psychic Fangs|p1a: Tapu Bulu\n|-activate|p1a: Tapu Bulu|move: Protect\n|\n|upkeep\n|turn|10\n|\n|t:|1790893494\n|switch|p1a: Kartana|Kartana|100/100\n|move|p2a: Barraskewda|Psychic Fangs|p1a: Kartana\n|-resisted|p1a: Kartana\n|-damage|p1a: Kartana|85/100\n|\n|upkeep\n|turn|11\n|\n|t:|1790893505\n|move|p1a: Kartana|Psycho Cut|p2a: Barraskewda\n|-damage|p2a: Barraskewda|31/100\n|move|p2a: Barraskewda|Psychic Fangs|p1a: Kartana\n|-resisted|p1a: Kartana\n|-damage|p1a: Kartana|69/100\n|\n|upkeep\n|turn|12\n|\n|t:|1790893511\n|move|p1a: Kartana|Psycho Cut|p2a: Barraskewda\n|-damage|p2a: Barraskewda|0 fnt\n|faint|p2a: Barraskewda\n|-ability|p1a: Kartana|Beast Boost|boost\n|-boost|p1a: Kartana|atk|1\n|\n|upkeep\n|\n|t:|1790893519\n|switch|p2a: Dragapult|Dragapult, M|100/100\n|-activate|p2a: Dragapult|move: Sticky Web\n|-unboost|p2a: Dragapult|spe|1\n|turn|13\n|\n|t:|1790893523\n|move|p1a: Kartana|Psycho Cut|p2a: Dragapult\n|-damage|p2a: Dragapult|32/100\n|move|p2a: Dragapult|Flamethrower|p1a: Kartana\n|-supereffective|p1a: Kartana\n|-damage|p1a: Kartana|0 fnt\n|faint|p1a: Kartana\n|\n|upkeep\n|\n|t:|1790893531\n|switch|p1a: Dragapult|Dragapult, M|100/100\n|turn|14\n|\n|t:|1790893535\n|move|p1a: Dragapult|Dragon Darts|p2a: Dragapult\n|-supereffective|p2a: Dragapult\n|-damage|p2a: Dragapult|0 fnt\n|-start|p1a: Dragapult|Disable|Dragon Darts|[from] ability: Cursed Body|[of] p2a: Dragapult\n|faint|p2a: Dragapult\n|\n|upkeep\n|\n|t:|1790893537\n|switch|p2a: Zeraora|Zeraora|100/100\n|-activate|p2a: Zeraora|move: Sticky Web\n|-unboost|p2a: Zeraora|spe|1\n|turn|15\n|\n|t:|1790893545\n|switch|p1a: Tapu Bulu|Tapu Bulu|23/100\n|-fieldstart|move: Grassy Terrain|[from] ability: Grassy Surge|[of] p1a: Tapu Bulu\n|move|p2a: Zeraora|Knock Off|p1a: Tapu Bulu\n|-resisted|p1a: Tapu Bulu\n|-damage|p1a: Tapu Bulu|14/100\n|\n|-heal|p1a: Tapu Bulu|20/100|[from] Grassy Terrain\n|upkeep\n|turn|16\n|\n|t:|1790893563\n|move|p2a: Zeraora|Plasma Fists|p1a: Tapu Bulu\n|-resisted|p1a: Tapu Bulu\n|-damage|p1a: Tapu Bulu|0 fnt\n|-fieldactivate|move: Ion Deluge\n|-hint|Normal-type moves become Electric-type after using Plasma Fists.\n|faint|p1a: Tapu Bulu\n|\n|upkeep\n|\n|t:|1790893574\n|switch|p1a: Buzzwole|Buzzwole|100/100\n|turn|17\n|\n|t:|1790893582\n|move|p2a: Zeraora|Plasma Fists|p1a: Buzzwole\n|-damage|p1a: Buzzwole|69/100\n|-fieldactivate|move: Ion Deluge\n|-hint|Normal-type moves become Electric-type after using Plasma Fists.\n|move|p1a: Buzzwole|Leech Life|p2a: Zeraora\n|-damage|p2a: Zeraora|37/100\n|-heal|p1a: Buzzwole|93/100|[from] drain|[of] p2a: Zeraora\n|\n|-heal|p2a: Zeraora|43/100|[from] Grassy Terrain\n|-heal|p1a: Buzzwole|99/100|[from] Grassy Terrain\n|-heal|p1a: Buzzwole|100/100|[from] item: Leftovers\n|upkeep\n|turn|18\n|\n|t:|1790893593\n|move|p2a: Zeraora|Plasma Fists|p1a: Buzzwole\n|-damage|p1a: Buzzwole|71/100\n|-fieldactivate|move: Ion Deluge\n|-hint|Normal-type moves become Electric-type after using Plasma Fists.\n|move|p1a: Buzzwole|Leech Life|p2a: Zeraora\n|-damage|p2a: Zeraora|0 fnt\n|-heal|p1a: Buzzwole|87/100|[from] drain|[of] p2a: Zeraora\n|faint|p2a: Zeraora\n|\n|win|CranberryHabits\n|raw|CranberryHabits's rating: 1048 &rarr; <strong>1081</strong><br />(+33 for winning)\n|raw|TimurGoesWild's rating: 1051 &rarr; <strong>1033</strong><br />(-18 for losing)\n|l|\u2606TimurGoesWild\n|player|p2|\n", "uploadtime": 1790893607, "views": "8", "formatid": "gen8ou", "rating": 1033, "private": 0, "password": null}