{"id": "gen8ou-2692367099", "format": "[Gen 8] OU", "players": ["Cataclyismo", "SouCarlos"], "log": "|j|\u2606Cataclyismo\n|j|\u2606SouCarlos\n|inactive|Battle timer is ON: inactive players will automatically lose when time's up.\n|t:|1791063533\n|gametype|singles\n|player|p1|Cataclyismo|sabrina|\n|player|p2|SouCarlos|pilot|\n|gen|8\n|tier|[Gen 8] OU\n|rated|Tournament battle\n|rule|HP Percentage Mod: HP is shown in percentages\n|rule|Endless Battle Clause: Forcing endless battles is banned\n|rule|Sleep Clause Mod: Limit one foe put to sleep\n|rule|Species Clause: Limit one of each Pok\u00e9mon\n|rule|OHKO Clause: OHKO moves are banned\n|rule|Evasion Items Clause: Evasion items are banned\n|rule|Evasion Moves Clause: Evasion moves are banned\n|rule|Dynamax Clause: You cannot dynamax\n|clearpoke\n|poke|p1|Dragapult, M|\n|poke|p1|Moltres-Galar|\n|poke|p1|Rillaboom, M|\n|poke|p1|Hawlucha, F|\n|poke|p1|Garchomp, M|\n|poke|p1|Heatran, F|\n|poke|p2|Weavile, F|\n|poke|p2|Nidoking, M|\n|poke|p2|Garchomp, F|\n|poke|p2|Heatran, M|\n|poke|p2|Tornadus-Therian, M|\n|poke|p2|Slowbro, F|\n|teampreview\n|c|\u2606Cataclyismo|random\n|j| hxmo \u2764\ufe0e\n|l| hxmo \u2764\ufe0e\n|inactive|Cataclyismo has 120 seconds left.\n|\n|t:|1791063571\n|teamsize|p1|6\n|teamsize|p2|6\n|start\n|switch|p1a: Dragapult|Dragapult, M|100/100\n|switch|p2a: Nidoking|Nidoking, M|100/100\n|turn|1\n|j| GRENINJA_mdm\n|\n|t:|1791063584\n|move|p1a: Dragapult|Draco Meteor|p2a: Nidoking\n|-damage|p2a: Nidoking|23/100\n|-unboost|p1a: Dragapult|spa|2\n|move|p2a: Nidoking|Ice Beam|p1a: Dragapult\n|-supereffective|p1a: Dragapult\n|-enditem|p1a: Dragapult|Focus Sash\n|-damage|p1a: Dragapult|1/100\n|\n|upkeep\n|turn|2\n|\n|t:|1791063591\n|switch|p2a: Tornadus|Tornadus-Therian, M|100/100\n|move|p1a: Dragapult|Draco Meteor|p2a: Tornadus\n|-damage|p2a: Tornadus|69/100\n|-unboost|p1a: Dragapult|spa|2\n|\n|upkeep\n|turn|3\n|j|^talveznao\n|\n|t:|1791063597\n|switch|p1a: Garchomp|Garchomp, M|100/100\n|move|p2a: Tornadus|U-turn|p1a: Garchomp\n|-damage|p1a: Garchomp|85/100\n|-damage|p2a: Tornadus|56/100|[from] ability: Rough Skin|[of] p1a: Garchomp\n|\n|t:|1791063604\n|switch|p2a: Weavile|Weavile, F|100/100|[from] U-turn\n|-ability|p2a: Weavile|Pressure\n|\n|-heal|p1a: Garchomp|91/100|[from] item: Leftovers\n|upkeep\n|turn|4\n|j| AmoMeuPaieMinhaMae\n|\n|t:|1791063609\n|switch|p1a: Heatran|Heatran, F|100/100\n|-item|p1a: Heatran|Air Balloon\n|move|p2a: Weavile|Low Kick|p1a: Heatran\n|-supereffective|p1a: Heatran\n|-damage|p1a: Heatran|0 fnt\n|-status|p2a: Weavile|brn|[from] ability: Flame Body|[of] p1a: Heatran\n|-enditem|p1a: Heatran|Air Balloon\n|faint|p1a: Heatran\n|\n|-damage|p2a: Weavile|94/100 brn|[from] brn\n|upkeep\n|l| AmoMeuPaieMinhaMae\n|\n|t:|1791063615\n|switch|p1a: Moltres|Moltres-Galar|100/100\n|turn|5\n|\n|t:|1791063622\n|switch|p2a: Heatran|Heatran, M|100/100\n|move|p1a: Moltres|Nasty Plot|p1a: Moltres\n|-boost|p1a: Moltres|spa|2\n|\n|upkeep\n|turn|6\n|\n|t:|1791063627\n|move|p1a: Moltres|Agility|p1a: Moltres\n|-boost|p1a: Moltres|spe|2\n|move|p2a: Heatran|Toxic|p1a: Moltres\n|-status|p1a: Moltres|tox\n|\n|-damage|p1a: Moltres|94/100 tox|[from] psn\n|upkeep\n|turn|7\n|\n|t:|1791063633\n|move|p1a: Moltres|Nasty Plot|p1a: Moltres\n|-boost|p1a: Moltres|spa|2\n|move|p2a: Heatran|Magma Storm|p1a: Moltres\n|-damage|p1a: Moltres|62/100 tox\n|-activate|p1a: Moltres|move: Magma Storm|[of] p2a: Heatran\n|\n|-damage|p1a: Moltres|50/100 tox|[from] psn\n|-damage|p1a: Moltres|37/100 tox|[from] move: Magma Storm|[partiallytrapped]\n|upkeep\n|turn|8\n|\n|t:|1791063640\n|move|p1a: Moltres|Rest|p1a: Moltres\n|-status|p1a: Moltres|slp|[from] move: Rest\n|-heal|p1a: Moltres|100/100 slp|[silent]\n|-enditem|p1a: Moltres|Chesto Berry|[eat]\n|-curestatus|p1a: Moltres|slp|[msg]\n|move|p2a: Heatran|Magma Storm|p1a: Moltres\n|-damage|p1a: Moltres|69/100\n|\n|-damage|p1a: Moltres|56/100|[from] move: Magma Storm|[partiallytrapped]\n|upkeep\n|turn|9\n|j| NinjaCaro\n|\n|t:|1791063649\n|move|p1a: Moltres|Fiery Wrath|p2a: Heatran\n|-damage|p2a: Heatran|26/100\n|move|p2a: Heatran|Magma Storm|p1a: Moltres|[miss]\n|-miss|p2a: Heatran|p1a: Moltres\n|\n|-heal|p2a: Heatran|32/100|[from] item: Leftovers\n|-damage|p1a: Moltres|44/100|[from] move: Magma Storm|[partiallytrapped]\n|upkeep\n|turn|10\n|\n|t:|1791063657\n|move|p1a: Moltres|Fiery Wrath|p2a: Heatran\n|-damage|p2a: Heatran|0 fnt\n|faint|p2a: Heatran\n|\n|-end|p1a: Moltres|Magma Storm|[partiallytrapped]|[silent]\n|upkeep\n|\n|t:|1791063660\n|switch|p2a: Weavile|Weavile, F|94/100 brn\n|-ability|p2a: Weavile|Pressure\n|turn|11\n|\n|t:|1791063665\n|move|p2a: Weavile|Ice Shard|p1a: Moltres\n|-supereffective|p1a: Moltres\n|-damage|p1a: Moltres|12/100\n|move|p1a: Moltres|Fiery Wrath|p2a: Weavile\n|-resisted|p2a: Weavile\n|-damage|p2a: Weavile|0 fnt\n|faint|p2a: Weavile\n|\n|upkeep\n|c|\u2606SouCarlos|Parab\u00e9ns arnaldo\n|\n|t:|1791063678\n|switch|p2a: Slowbro|Slowbro, F|100/100\n|turn|12\n|\n|t:|1791063681\n|move|p1a: Moltres|Fiery Wrath|p2a: Slowbro\n|-supereffective|p2a: Slowbro\n|-enditem|p2a: Slowbro|Colbur Berry|[eat]\n|-enditem|p2a: Slowbro|Colbur Berry|[weaken]\n|-damage|p2a: Slowbro|0 fnt\n|faint|p2a: Slowbro\n|\n|upkeep\n|\n|t:|1791063686\n|switch|p2a: Tornadus|Tornadus-Therian, M|89/100\n|turn|13\n|c|\u2606Cataclyismo|n chora e jg pf kk\n|\n|t:|1791063690\n|move|p1a: Moltres|Fiery Wrath|p2a: Tornadus\n|-damage|p2a: Tornadus|0 fnt\n|faint|p2a: Tornadus\n|\n|upkeep\n|\n|t:|1791063692\n|switch|p2a: Garchomp|Garchomp, F|100/100\n|turn|14\n|\n|t:|1791063694\n|move|p1a: Moltres|Fiery Wrath|p2a: Garchomp\n|-damage|p2a: Garchomp|0 fnt\n|faint|p2a: Garchomp\n|\n|upkeep\n|\n|t:|1791063696\n|switch|p2a: Nidoking|Nidoking, M|23/100\n|turn|15\n|c| GRENINJA_mdm|T\u00e1 feio\n|c| GRENINJA_mdm|Kkk\n|\n|t:|1791063698\n|move|p1a: Moltres|Fiery Wrath|p2a: Nidoking\n|-damage|p2a: Nidoking|0 fnt\n|faint|p2a: Nidoking\n|\n|win|Cataclyismo\n|n|\u2606Cataclyismo|cataclyismo\n|n|\u2606SouCarlos|soucarlos\n|n| GRENINJA_mdm|greninjamdm\n|n| talveznao|talveznao\n|n| NinjaCaro|ninjacaro\n", "uploadtime": 1791063698, "views": "2", "formatid": "gen8ou", "rating": null, "private": 0, "password": null}