{"id": "gen8ou-2688360693", "format": "[Gen 8] OU", "players": ["Batm3n", "love ste"], "log": "|j|\u2606Batm3n\n|j|\u2606love ste\n|t:|1790455869\n|gametype|singles\n|player|p1|Batm3n|gentleman|\n|player|p2|love ste|nurse|\n|gen|8\n|tier|[Gen 8] OU\n|rule|HP Percentage Mod: HP is shown in percentages\n|rule|Endless Battle Clause: Forcing endless battles is banned\n|rule|Sleep Clause Mod: Limit one foe put to sleep\n|rule|Species Clause: Limit one of each Pok\u00e9mon\n|rule|OHKO Clause: OHKO moves are banned\n|rule|Evasion Items Clause: Evasion items are banned\n|rule|Evasion Moves Clause: Evasion moves are banned\n|rule|Dynamax Clause: You cannot dynamax\n|clearpoke\n|poke|p1|Clefable, M|\n|poke|p1|Landorus-Therian, M|\n|poke|p1|Melmetal|\n|poke|p1|Dragapult, M|\n|poke|p1|Weavile, F|\n|poke|p1|Rotom-Wash|\n|poke|p2|Magnezone|\n|poke|p2|Garchomp, M|\n|poke|p2|Tornadus-Therian, M|\n|poke|p2|Clefable, M|\n|poke|p2|Slowbro, M|\n|poke|p2|Melmetal|\n|teampreview\n|c|\u2606Batm3n|hf\n|inactive|Battle timer is ON: inactive players will automatically lose when time's up. (requested by Batm3n)\n|c|\u2606love ste|yo wheres my calcdex\n|c|\u2606Batm3n|to the right\n|c|\u2606love ste|fuck it we ball\n|inactive|Batm3n has 270 seconds left.\n|inactive|love ste has 270 seconds left.\n|\n|t:|1790455951\n|teamsize|p1|6\n|teamsize|p2|6\n|start\n|switch|p1a: Landorus|Landorus-Therian, M|100/100\n|switch|p2a: Clefable|Clefable, M|100/100\n|-ability|p1a: Landorus|Intimidate|boost\n|-unboost|p2a: Clefable|atk|1\n|turn|1\n|l|\u2606love ste\n|inactive|love ste disconnected and has 300 seconds to reconnect!\n|player|p2|\n|j|\u2606love ste\n|inactive|love ste reconnected and has 295 seconds left.\n|player|p2|love ste|nurse|\n|\n|t:|1790455997\n|move|p1a: Landorus|Earthquake|p2a: Clefable\n|-damage|p2a: Clefable|66/100\n|move|p2a: Clefable|Stealth Rock|p1a: Landorus\n|-sidestart|p1: Batm3n|move: Stealth Rock\n|\n|upkeep\n|turn|2\n|\n|t:|1790456006\n|move|p1a: Landorus|U-turn|p2a: Clefable\n|-resisted|p2a: Clefable\n|-damage|p2a: Clefable|58/100\n|-damage|p1a: Landorus|84/100|[from] item: Rocky Helmet|[of] p2a: Clefable\n|\n|t:|1790456011\n|switch|p1a: Melmetal|Melmetal|100/100|[from] U-turn\n|-damage|p1a: Melmetal|94/100|[from] Stealth Rock\n|move|p2a: Clefable|Soft-Boiled|p2a: Clefable\n|-heal|p2a: Clefable|100/100\n|\n|upkeep\n|turn|3\n|\n|t:|1790456020\n|switch|p2a: Slowbro|Slowbro, M|100/100\n|move|p1a: Melmetal|Earthquake|p2a: Slowbro\n|-damage|p2a: Slowbro|74/100\n|\n|upkeep\n|turn|4\n|inactive|Batm3n has 270 seconds left.\n|\n|t:|1790456062\n|move|p1a: Melmetal|Thunder Punch|p2a: Slowbro\n|-supereffective|p2a: Slowbro\n|-crit|p2a: Slowbro\n|-damage|p2a: Slowbro|4/100\n|move|p2a: Slowbro|Scald|p1a: Melmetal\n|-damage|p1a: Melmetal|67/100\n|-status|p1a: Melmetal|brn\n|\n|-damage|p1a: Melmetal|61/100 brn|[from] brn\n|upkeep\n|turn|5\n|c|\u2606Batm3n|hgax\n|inactive|love ste has 270 seconds left.\n|\n|t:|1790456105\n|switch|p2a: Tornadus|Tornadus-Therian, M|100/100\n|move|p1a: Melmetal|Earthquake|p2a: Tornadus\n|-immune|p2a: Tornadus\n|\n|-damage|p1a: Melmetal|55/100 brn|[from] brn\n|upkeep\n|turn|6\n|inactive|love ste has 270 seconds left.\n|\n|t:|1790456115\n|move|p2a: Tornadus|Heat Wave|p1a: Melmetal|[miss]\n|-miss|p2a: Tornadus|p1a: Melmetal\n|move|p1a: Melmetal|Thunder Punch|p2a: Tornadus\n|-supereffective|p2a: Tornadus\n|-crit|p2a: Tornadus\n|-damage|p2a: Tornadus|39/100\n|\n|-damage|p1a: Melmetal|48/100 brn|[from] brn\n|upkeep\n|turn|7\n|\n|t:|1790456122\n|move|p2a: Tornadus|U-turn|p1a: Melmetal\n|-resisted|p1a: Melmetal\n|-damage|p1a: Melmetal|44/100 brn\n|\n|t:|1790456126\n|switch|p2a: Garchomp|Garchomp, M|100/100|[from] U-turn\n|move|p1a: Melmetal|Double Iron Bash|p2a: Garchomp\n|-damage|p2a: Garchomp|79/100\n|-activate|p2a: Garchomp|ability: Rough Skin\n|-activate|p1a: Melmetal|item: Protective Pads\n|-damage|p2a: Garchomp|57/100\n|-activate|p2a: Garchomp|ability: Rough Skin\n|-activate|p1a: Melmetal|item: Protective Pads\n|-hitcount|p2a: Garchomp|2\n|\n|-heal|p2a: Garchomp|63/100|[from] item: Leftovers\n|-damage|p1a: Melmetal|38/100 brn|[from] brn\n|upkeep\n|turn|8\n|inactive|Batm3n has 240 seconds left.\n|\n|t:|1790456158\n|switch|p1a: Clefable|Clefable, M|100/100\n|move|p2a: Garchomp|Earthquake|p1a: Clefable\n|-damage|p1a: Clefable|57/100\n|\n|-heal|p2a: Garchomp|69/100|[from] item: Leftovers\n|-heal|p1a: Clefable|63/100|[from] item: Leftovers\n|upkeep\n|turn|9\n|c|\u2606love ste|my calc finally oprns\n|inactive|Batm3n has 240 seconds left.\n|\n|t:|1790456169\n|move|p2a: Garchomp|Swords Dance|p2a: Garchomp\n|-boost|p2a: Garchomp|atk|2\n|move|p1a: Clefable|Stealth Rock|p2a: Garchomp\n|-sidestart|p2: love ste|move: Stealth Rock\n|\n|-heal|p2a: Garchomp|75/100|[from] item: Leftovers\n|-heal|p1a: Clefable|69/100|[from] item: Leftovers\n|upkeep\n|turn|10\n|\n|t:|1790456175\n|switch|p1a: Melmetal|Melmetal|38/100 brn\n|-damage|p1a: Melmetal|31/100 brn|[from] Stealth Rock\n|move|p2a: Garchomp|Substitute|p2a: Garchomp\n|-start|p2a: Garchomp|Substitute\n|-damage|p2a: Garchomp|50/100\n|\n|-heal|p2a: Garchomp|56/100|[from] item: Leftovers\n|-damage|p1a: Melmetal|25/100 brn|[from] brn\n|upkeep\n|turn|11\n|\n|t:|1790456180\n|move|p2a: Garchomp|Earthquake|p1a: Melmetal\n|-supereffective|p1a: Melmetal\n|-damage|p1a: Melmetal|0 fnt\n|faint|p1a: Melmetal\n|\n|-heal|p2a: Garchomp|62/100|[from] item: Leftovers\n|upkeep\n|\n|t:|1790456184\n|switch|p1a: Landorus|Landorus-Therian, M|84/100\n|-damage|p1a: Landorus|72/100|[from] Stealth Rock\n|-ability|p1a: Landorus|Intimidate|boost\n|-immune|p2a: Garchomp\n|turn|12\n|c|\u2606love ste|throw\n|c|\u2606love ste|you had a weavile bro\n|c|\u2606Batm3n|think bro\n|c|\u2606love ste|infiltrator pult\n|c|\u2606love ste|maybe\n|inactive|Batm3n has 240 seconds left.\n|\n|t:|1790456232\n|switch|p1a: Clefable|Clefable, M|69/100\n|move|p2a: Garchomp|Scale Shot|p1a: Clefable\n|-immune|p1a: Clefable\n|\n|-heal|p2a: Garchomp|69/100|[from] item: Leftovers\n|-heal|p1a: Clefable|75/100|[from] item: Leftovers\n|upkeep\n|turn|13\n|\n|t:|1790456238\n|move|p2a: Garchomp|Earthquake|p1a: Clefable\n|-damage|p1a: Clefable|0 fnt\n|faint|p1a: Clefable\n|\n|-heal|p2a: Garchomp|75/100|[from] item: Leftovers\n|upkeep\n|\n|t:|1790456242\n|switch|p1a: Dragapult|Dragapult, M|100/100\n|-damage|p1a: Dragapult|88/100|[from] Stealth Rock\n|turn|14\n|inactive|Batm3n has 240 seconds left.\n|\n|t:|1790456254\n|switch|p2a: Magnezone|Magnezone|100/100\n|-damage|p2a: Magnezone|94/100|[from] Stealth Rock\n|move|p1a: Dragapult|U-turn|p2a: Magnezone\n|-resisted|p2a: Magnezone\n|-damage|p2a: Magnezone|86/100\n|inactive|Batm3n has 240 seconds left.\n|\n|t:|1790456261\n|switch|p1a: Landorus|Landorus-Therian, M|72/100|[from] U-turn\n|-damage|p1a: Landorus|59/100|[from] Stealth Rock\n|-ability|p1a: Landorus|Intimidate|boost\n|-unboost|p2a: Magnezone|atk|1\n|\n|-heal|p1a: Landorus|65/100|[from] item: Leftovers\n|-heal|p2a: Magnezone|93/100|[from] item: Leftovers\n|upkeep\n|turn|15\n|\n|t:|1790456269\n|switch|p2a: Tornadus|Tornadus-Therian, M|72/100\n|move|p1a: Landorus|Toxic|p2a: Tornadus\n|-status|p2a: Tornadus|tox\n|\n|-heal|p1a: Landorus|71/100|[from] item: Leftovers\n|-damage|p2a: Tornadus|66/100 tox|[from] psn\n|upkeep\n|turn|16\n|\n|t:|1790456278\n|move|p2a: Tornadus|Knock Off|p1a: Landorus\n|-damage|p1a: Landorus|53/100\n|-enditem|p1a: Landorus|Leftovers|[from] move: Knock Off|[of] p2a: Tornadus\n|move|p1a: Landorus|Smack Down|p2a: Tornadus\n|-supereffective|p2a: Tornadus\n|-damage|p2a: Tornadus|30/100 tox\n|-start|p2a: Tornadus|Smack Down\n|\n|-damage|p2a: Tornadus|18/100 tox|[from] psn\n|upkeep\n|turn|17\n|\n|t:|1790456282\n|move|p2a: Tornadus|U-turn|p1a: Landorus\n|-resisted|p1a: Landorus\n|-damage|p1a: Landorus|47/100\n|\n|t:|1790456285\n|switch|p2a: Clefable|Clefable, M|100/100|[from] U-turn\n|move|p1a: Landorus|U-turn|p2a: Clefable\n|-resisted|p2a: Clefable\n|-damage|p2a: Clefable|92/100\n|-damage|p1a: Landorus|31/100|[from] item: Rocky Helmet|[of] p2a: Clefable\n|\n|t:|1790456304\n|switch|p1a: Rotom|Rotom-Wash|100/100|[from] U-turn\n|-damage|p1a: Rotom|88/100|[from] Stealth Rock\n|\n|-heal|p1a: Rotom|94/100|[from] item: Leftovers\n|upkeep\n|turn|18\n|\n|t:|1790456314\n|switch|p2a: Magnezone|Magnezone|93/100\n|-damage|p2a: Magnezone|86/100|[from] Stealth Rock\n|move|p1a: Rotom|Hydro Pump|p2a: Magnezone\n|-damage|p2a: Magnezone|39/100\n|\n|-heal|p1a: Rotom|100/100|[from] item: Leftovers\n|-heal|p2a: Magnezone|45/100|[from] item: Leftovers\n|upkeep\n|turn|19\n|inactive|Batm3n has 240 seconds left.\n|\n|t:|1790456352\n|switch|p1a: Landorus|Landorus-Therian, M|31/100\n|-damage|p1a: Landorus|18/100|[from] Stealth Rock\n|-ability|p1a: Landorus|Intimidate|boost\n|-unboost|p2a: Magnezone|atk|1\n|move|p2a: Magnezone|Toxic|p1a: Landorus\n|-status|p1a: Landorus|tox\n|\n|-heal|p2a: Magnezone|51/100|[from] item: Leftovers\n|-damage|p1a: Landorus|12/100 tox|[from] psn\n|upkeep\n|turn|20\n|inactive|Batm3n has 240 seconds left.\n|\n|t:|1790456362\n|switch|p2a: Clefable|Clefable, M|92/100\n|move|p1a: Landorus|U-turn|p2a: Clefable\n|-resisted|p2a: Clefable\n|-damage|p2a: Clefable|83/100\n|-damage|p1a: Landorus|0 fnt|[from] item: Rocky Helmet|[of] p2a: Clefable\n|faint|p1a: Landorus\n|\n|upkeep\n|inactive|Batm3n has 240 seconds left.\n|\n|t:|1790456368\n|switch|p1a: Rotom|Rotom-Wash|100/100\n|-damage|p1a: Rotom|88/100|[from] Stealth Rock\n|turn|21\n|\n|t:|1790456372\n|move|p1a: Rotom|Hydro Pump|p2a: Clefable|[miss]\n|-miss|p1a: Rotom|p2a: Clefable\n|move|p2a: Clefable|Knock Off|p1a: Rotom\n|-damage|p1a: Rotom|74/100\n|-enditem|p1a: Rotom|Leftovers|[from] move: Knock Off|[of] p2a: Clefable\n|\n|upkeep\n|turn|22\n|\n|t:|1790456375\n|move|p1a: Rotom|Hydro Pump|p2a: Clefable\n|-damage|p2a: Clefable|46/100\n|move|p2a: Clefable|Moonblast|p1a: Rotom\n|-damage|p1a: Rotom|38/100\n|\n|upkeep\n|turn|23\n|\n|t:|1790456382\n|move|p1a: Rotom|Hydro Pump|p2a: Clefable\n|-damage|p2a: Clefable|8/100\n|move|p2a: Clefable|Soft-Boiled|p2a: Clefable\n|-heal|p2a: Clefable|58/100\n|\n|upkeep\n|turn|24\n|\n|t:|1790456384\n|move|p1a: Rotom|Hydro Pump|p2a: Clefable\n|-damage|p2a: Clefable|20/100\n|move|p2a: Clefable|Soft-Boiled|p2a: Clefable\n|-heal|p2a: Clefable|70/100\n|\n|upkeep\n|turn|25\n|\n|t:|1790456386\n|move|p1a: Rotom|Hydro Pump|p2a: Clefable\n|-damage|p2a: Clefable|35/100\n|move|p2a: Clefable|Soft-Boiled|p2a: Clefable\n|-heal|p2a: Clefable|85/100\n|\n|upkeep\n|turn|26\n|\n|t:|1790456390\n|move|p1a: Rotom|Pain Split|p2a: Clefable\n|-sethp|p2a: Clefable|57/100|[from] move: Pain Split|[silent]\n|-sethp|p1a: Rotom|74/100|[from] move: Pain Split\n|move|p2a: Clefable|Soft-Boiled|p2a: Clefable\n|-heal|p2a: Clefable|100/100\n|\n|upkeep\n|turn|27\n|\n|t:|1790456403\n|move|p1a: Rotom|Hydro Pump|p2a: Clefable\n|-damage|p2a: Clefable|61/100\n|move|p2a: Clefable|Moonblast|p1a: Rotom\n|-damage|p1a: Rotom|37/100\n|\n|upkeep\n|turn|28\n|\n|t:|1790456406\n|move|p1a: Rotom|Pain Split|p2a: Clefable\n|-sethp|p2a: Clefable|45/100|[from] move: Pain Split|[silent]\n|-sethp|p1a: Rotom|58/100|[from] move: Pain Split\n|move|p2a: Clefable|Moonblast|p1a: Rotom\n|-damage|p1a: Rotom|23/100\n|\n|upkeep\n|turn|29\n|\n|t:|1790456412\n|move|p1a: Rotom|Hydro Pump|p2a: Clefable\n|-damage|p2a: Clefable|9/100\n|move|p2a: Clefable|Soft-Boiled|p2a: Clefable\n|-heal|p2a: Clefable|59/100\n|\n|upkeep\n|turn|30\n|\n|t:|1790456415\n|move|p1a: Rotom|Pain Split|p2a: Clefable\n|-sethp|p2a: Clefable|38/100|[from] move: Pain Split|[silent]\n|-sethp|p1a: Rotom|50/100|[from] move: Pain Split\n|move|p2a: Clefable|Soft-Boiled|p2a: Clefable\n|-heal|p2a: Clefable|88/100\n|\n|upkeep\n|turn|31\n|\n|t:|1790456417\n|move|p1a: Rotom|Pain Split|p2a: Clefable\n|-sethp|p2a: Clefable|63/100|[from] move: Pain Split|[silent]\n|-sethp|p1a: Rotom|82/100|[from] move: Pain Split\n|move|p2a: Clefable|Moonblast|p1a: Rotom\n|-damage|p1a: Rotom|48/100\n|\n|upkeep\n|turn|32\n|\n|t:|1790456421\n|move|p1a: Rotom|Volt Switch|p2a: Clefable\n|-damage|p2a: Clefable|39/100\n|\n|t:|1790456424\n|switch|p1a: Dragapult|Dragapult, M|88/100|[from] Volt Switch\n|-damage|p1a: Dragapult|76/100|[from] Stealth Rock\n|move|p2a: Clefable|Soft-Boiled|p2a: Clefable\n|-heal|p2a: Clefable|89/100\n|\n|upkeep\n|turn|33\n|\n|t:|1790456435\n|move|p1a: Dragapult|Shadow Ball|p2a: Clefable\n|-damage|p2a: Clefable|43/100\n|move|p2a: Clefable|Moonblast|p1a: Dragapult\n|-supereffective|p1a: Dragapult\n|-damage|p1a: Dragapult|0 fnt\n|faint|p1a: Dragapult\n|\n|upkeep\n|\n|t:|1790456440\n|switch|p1a: Weavile|Weavile, F|100/100\n|-ability|p1a: Weavile|Pressure\n|turn|34\n|\n|t:|1790456447\n|switch|p2a: Melmetal|Melmetal|100/100\n|-damage|p2a: Melmetal|94/100|[from] Stealth Rock\n|move|p1a: Weavile|Icicle Crash|p2a: Melmetal\n|-resisted|p2a: Melmetal\n|-damage|p2a: Melmetal|81/100\n|\n|-heal|p2a: Melmetal|87/100|[from] item: Leftovers\n|upkeep\n|turn|35\n|\n|t:|1790456452\n|switch|p1a: Rotom|Rotom-Wash|48/100\n|-damage|p1a: Rotom|36/100|[from] Stealth Rock\n|move|p2a: Melmetal|Toxic|p1a: Rotom\n|-status|p1a: Rotom|tox\n|\n|-heal|p2a: Melmetal|93/100|[from] item: Leftovers\n|-damage|p1a: Rotom|29/100 tox|[from] psn\n|upkeep\n|turn|36\n|\n|t:|1790456464\n|move|p2a: Melmetal|Protect|p2a: Melmetal\n|-singleturn|p2a: Melmetal|Protect\n|move|p1a: Rotom|Pain Split|p2a: Melmetal\n|-activate|p2a: Melmetal|move: Protect\n|\n|-heal|p2a: Melmetal|99/100|[from] item: Leftovers\n|-damage|p1a: Rotom|17/100 tox|[from] psn\n|upkeep\n|turn|37\n|\n|t:|1790456470\n|switch|p2a: Clefable|Clefable, M|43/100\n|move|p1a: Rotom|Pain Split|p2a: Clefable\n|-sethp|p2a: Clefable|28/100|[from] move: Pain Split|[silent]\n|-sethp|p1a: Rotom|36/100 tox|[from] move: Pain Split\n|\n|-damage|p1a: Rotom|18/100 tox|[from] psn\n|upkeep\n|turn|38\n|\n|t:|1790456477\n|move|p1a: Rotom|Volt Switch|p2a: Clefable\n|-damage|p2a: Clefable|4/100\n|\n|t:|1790456480\n|switch|p1a: Weavile|Weavile, F|100/100|[from] Volt Switch\n|-ability|p1a: Weavile|Pressure\n|move|p2a: Clefable|Soft-Boiled|p2a: Clefable\n|-heal|p2a: Clefable|54/100\n|\n|upkeep\n|turn|39\n|\n|t:|1790456492\n|switch|p2a: Melmetal|Melmetal|99/100\n|-damage|p2a: Melmetal|93/100|[from] Stealth Rock\n|move|p1a: Weavile|Swords Dance|p1a: Weavile\n|-boost|p1a: Weavile|atk|2\n|\n|-heal|p2a: Melmetal|99/100|[from] item: Leftovers\n|upkeep\n|turn|40\n|\n|t:|1790456504\n|move|p1a: Weavile|Knock Off|p2a: Melmetal\n|-damage|p2a: Melmetal|44/100\n|-enditem|p2a: Melmetal|Leftovers|[from] move: Knock Off|[of] p1a: Weavile\n|move|p2a: Melmetal|Double Iron Bash|p1a: Weavile\n|-supereffective|p1a: Weavile\n|-damage|p1a: Weavile|0 fnt\n|faint|p1a: Weavile\n|-hitcount|p1: Weavile|1\n|\n|upkeep\n|-message|Batm3n forfeited.\n|\n|win|love ste\n|c|\u2606Batm3n|fuck you\n", "uploadtime": 1790456513, "views": "14", "formatid": "gen8ou", "rating": null, "private": 0, "password": null}