{"id": "gen8ou-2687877891", "format": "[Gen 8] OU", "players": ["a_shiny_zacian", "trashgengar"], "log": "|j|\u2606a_shiny_zacian\n|j|\u2606trashgengar\n|t:|1790370408\n|gametype|singles\n|player|p1|a_shiny_zacian|kukui-stand|1108\n|player|p2|trashgengar|170|1092\n|gen|8\n|tier|[Gen 8] OU\n|rated|\n|rule|HP Percentage Mod: HP is shown in percentages\n|rule|Endless Battle Clause: Forcing endless battles is banned\n|rule|Sleep Clause Mod: Limit one foe put to sleep\n|rule|Species Clause: Limit one of each Pok\u00e9mon\n|rule|OHKO Clause: OHKO moves are banned\n|rule|Evasion Items Clause: Evasion items are banned\n|rule|Evasion Moves Clause: Evasion moves are banned\n|rule|Dynamax Clause: You cannot dynamax\n|clearpoke\n|poke|p1|Galvantula, M|\n|poke|p1|Blaziken, M|\n|poke|p1|Nihilego|\n|poke|p1|Dragapult, F|\n|poke|p1|Moltres-Galar|\n|poke|p1|Garchomp, F|\n|poke|p2|Kingdra, M|\n|poke|p2|Kabutops, F|\n|poke|p2|Pelipper, M|\n|poke|p2|Vileplume, M|\n|poke|p2|Slowbro, M|\n|poke|p2|Articuno|\n|teampreview\n|inactive|Battle timer is ON: inactive players will automatically lose when time's up. (requested by a_shiny_zacian)\n|\n|t:|1790370415\n|teamsize|p1|6\n|teamsize|p2|6\n|start\n|switch|p1a: Galvantula|Galvantula, M|100/100\n|switch|p2a: Pelipper|Pelipper, M|100/100\n|-weather|RainDance|[from] ability: Drizzle|[of] p2a: Pelipper\n|turn|1\n|inactive|trashgengar has 120 seconds left.\n|\n|t:|1790370453\n|switch|p2a: Vileplume|Vileplume, M|100/100\n|move|p1a: Galvantula|Sticky Web|p2a: Vileplume\n|-sidestart|p2: trashgengar|move: Sticky Web\n|\n|-weather|RainDance|[upkeep]\n|upkeep\n|turn|2\n|\n|t:|1790370466\n|move|p1a: Galvantula|Sticky Web||[still]\n|-fail|p1a: Galvantula\n|move|p2a: Vileplume|Sleep Powder|p1a: Galvantula\n|-status|p1a: Galvantula|slp|[from] move: Sleep Powder\n|\n|-weather|RainDance|[upkeep]\n|upkeep\n|turn|3\n|\n|t:|1790370476\n|switch|p1a: Blaziken|Blaziken, M|100/100\n|switch|p2a: Pelipper|Pelipper, M|100/100\n|\n|-weather|RainDance|[upkeep]\n|upkeep\n|turn|4\n|j| Spinda!345\n|l| Spinda!345\n|\n|t:|1790370487\n|switch|p1a: Moltres|Moltres-Galar, shiny|100/100\n|move|p2a: Pelipper|Hurricane|p1a: Moltres\n|-damage|p1a: Moltres|70/100\n|\n|-weather|RainDance|[upkeep]\n|upkeep\n|turn|5\n|\n|t:|1790370498\n|move|p1a: Moltres|Nasty Plot|p1a: Moltres\n|-boost|p1a: Moltres|spa|2\n|move|p2a: Pelipper|Defog|p1a: Moltres\n|-unboost|p1a: Moltres|evasion|1\n|-sideend|p2: trashgengar|Sticky Web|[from] move: Defog|[of] p2a: Pelipper\n|\n|-weather|RainDance|[upkeep]\n|upkeep\n|turn|6\n|\n|t:|1790370509\n|switch|p2a: Articuno|Articuno|100/100\n|-ability|p2a: Articuno|Pressure\n|move|p1a: Moltres|Hurricane|p2a: Articuno\n|-damage|p2a: Articuno|46/100\n|\n|-weather|RainDance|[upkeep]\n|upkeep\n|turn|7\n|\n|t:|1790370519\n|move|p1a: Moltres|Fiery Wrath|p2a: Articuno\n|-damage|p2a: Articuno|0 fnt\n|faint|p2a: Articuno\n|\n|-weather|RainDance|[upkeep]\n|upkeep\n|\n|t:|1790370521\n|switch|p2a: Kingdra|Kingdra, M|100/100\n|turn|8\n|\n|t:|1790370535\n|move|p2a: Kingdra|Hydro Pump|p1a: Moltres\n|-damage|p1a: Moltres|0 fnt\n|faint|p1a: Moltres\n|\n|-weather|none\n|upkeep\n|\n|t:|1790370544\n|switch|p1a: Dragapult|Dragapult, F|100/100\n|turn|9\n|\n|t:|1790370571\n|switch|p2a: Pelipper|Pelipper, M|100/100\n|-weather|RainDance|[from] ability: Drizzle|[of] p2a: Pelipper\n|move|p1a: Dragapult|Draco Meteor|p2a: Pelipper\n|-damage|p2a: Pelipper|0 fnt\n|-unboost|p1a: Dragapult|spa|2\n|faint|p2a: Pelipper\n|\n|-weather|RainDance|[upkeep]\n|upkeep\n|\n|t:|1790370573\n|switch|p2a: Kingdra|Kingdra, M|100/100\n|turn|10\n|\n|t:|1790370592\n|move|p2a: Kingdra|Draco Meteor|p1a: Dragapult\n|-supereffective|p1a: Dragapult\n|-damage|p1a: Dragapult|0 fnt\n|-unboost|p2a: Kingdra|spa|2\n|faint|p1a: Dragapult\n|\n|-weather|RainDance|[upkeep]\n|upkeep\n|\n|t:|1790370600\n|switch|p1a: Garchomp|Garchomp, F|100/100\n|turn|11\n|\n|t:|1790370617\n|switch|p1a: Nihilego|Nihilego|100/100\n|move|p2a: Kingdra|Draco Meteor|p1a: Nihilego\n|-damage|p1a: Nihilego|66/100\n|-unboost|p2a: Kingdra|spa|2\n|\n|-weather|RainDance|[upkeep]\n|upkeep\n|turn|12\n|\n|t:|1790370625\n|switch|p2a: Kabutops|Kabutops, F|100/100\n|move|p1a: Nihilego|Meteor Beam||[still]\n|-prepare|p1a: Nihilego|Meteor Beam\n|-boost|p1a: Nihilego|spa|1\n|-enditem|p1a: Nihilego|Power Herb\n|-anim|p1a: Nihilego|Meteor Beam|p2a: Kabutops\n|-damage|p2a: Kabutops|0 fnt\n|faint|p2a: Kabutops\n|-ability|p1a: Nihilego|Beast Boost|boost\n|-boost|p1a: Nihilego|spa|1\n|\n|-weather|RainDance|[upkeep]\n|upkeep\n|\n|t:|1790370628\n|switch|p2a: Kingdra|Kingdra, M|100/100\n|turn|13\n|\n|t:|1790370645\n|move|p2a: Kingdra|Hydro Pump|p1a: Nihilego\n|-supereffective|p1a: Nihilego\n|-damage|p1a: Nihilego|0 fnt\n|faint|p1a: Nihilego\n|\n|-weather|RainDance|[upkeep]\n|upkeep\n|\n|t:|1790370652\n|switch|p1a: Galvantula|Galvantula, M|100/100 slp\n|turn|14\n|\n|t:|1790370657\n|move|p2a: Kingdra|Hydro Pump|p1a: Galvantula\n|-enditem|p1a: Galvantula|Focus Sash\n|-damage|p1a: Galvantula|1/100 slp\n|cant|p1a: Galvantula|slp\n|\n|-weather|RainDance|[upkeep]\n|upkeep\n|turn|15\n|\n|t:|1790370664\n|move|p2a: Kingdra|Hydro Pump|p1a: Galvantula\n|-damage|p1a: Galvantula|0 fnt\n|faint|p1a: Galvantula\n|\n|-weather|RainDance|[upkeep]\n|upkeep\n|\n|t:|1790370669\n|switch|p1a: Garchomp|Garchomp, F|100/100\n|turn|16\n|\n|t:|1790370681\n|move|p2a: Kingdra|Hydro Pump|p1a: Garchomp|[miss]\n|-miss|p2a: Kingdra|p1a: Garchomp\n|move|p1a: Garchomp|Scale Shot|p2a: Kingdra\n|-supereffective|p2a: Kingdra\n|-damage|p2a: Kingdra|69/100\n|-supereffective|p2a: Kingdra\n|-damage|p2a: Kingdra|37/100\n|-supereffective|p2a: Kingdra\n|-damage|p2a: Kingdra|2/100\n|-supereffective|p2a: Kingdra\n|-damage|p2a: Kingdra|0 fnt\n|faint|p2a: Kingdra\n|-hitcount|p2: Kingdra|4\n|-unboost|p1a: Garchomp|def|1\n|-boost|p1a: Garchomp|spe|1\n|\n|-weather|none\n|upkeep\n|\n|t:|1790370689\n|switch|p2a: Slowbro|Slowbro, M|100/100\n|turn|17\n|j| ysuususysys\n|\n|t:|1790370699\n|move|p1a: Garchomp|Scale Shot|p2a: Slowbro\n|-damage|p2a: Slowbro|93/100\n|-damage|p2a: Slowbro|85/100\n|-hitcount|p2a: Slowbro|2\n|-unboost|p1a: Garchomp|def|1\n|-boost|p1a: Garchomp|spe|1\n|move|p2a: Slowbro|Scald|p1a: Garchomp\n|-damage|p1a: Garchomp|72/100\n|\n|-heal|p1a: Garchomp|79/100|[from] item: Leftovers\n|upkeep\n|turn|18\n|\n|t:|1790370710\n|move|p1a: Garchomp|Swords Dance|p1a: Garchomp\n|-boost|p1a: Garchomp|atk|2\n|move|p2a: Slowbro|Scald|p1a: Garchomp\n|-damage|p1a: Garchomp|47/100\n|\n|-heal|p1a: Garchomp|53/100|[from] item: Leftovers\n|upkeep\n|turn|19\n|\n|t:|1790370721\n|move|p1a: Garchomp|Earthquake|p2a: Slowbro\n|-damage|p2a: Slowbro|20/100\n|move|p2a: Slowbro|Scald|p1a: Garchomp\n|-damage|p1a: Garchomp|22/100\n|-status|p1a: Garchomp|brn\n|\n|-heal|p1a: Garchomp|28/100 brn|[from] item: Leftovers\n|-damage|p1a: Garchomp|22/100 brn|[from] brn\n|upkeep\n|turn|20\n|\n|t:|1790370730\n|switch|p2a: Vileplume|Vileplume, M|100/100\n|move|p1a: Garchomp|Earthquake|p2a: Vileplume\n|-damage|p2a: Vileplume|59/100\n|\n|-heal|p1a: Garchomp|28/100 brn|[from] item: Leftovers\n|-damage|p1a: Garchomp|22/100 brn|[from] brn\n|upkeep\n|turn|21\n|\n|t:|1790370739\n|move|p1a: Garchomp|Swords Dance|p1a: Garchomp\n|-boost|p1a: Garchomp|atk|2\n|move|p2a: Vileplume|Giga Drain|p1a: Garchomp\n|-damage|p1a: Garchomp|0 fnt\n|-heal|p2a: Vileplume|70/100|[from] drain|[of] p1a: Garchomp\n|faint|p1a: Garchomp\n|\n|upkeep\n|\n|t:|1790370747\n|switch|p1a: Blaziken|Blaziken, M|100/100\n|turn|22\n|\n|t:|1790370751\n|move|p1a: Blaziken|Flare Blitz|p2a: Vileplume\n|-supereffective|p2a: Vileplume\n|-damage|p2a: Vileplume|0 fnt\n|-damage|p1a: Blaziken|84/100|[from] item: Rocky Helmet|[of] p2a: Vileplume\n|faint|p2a: Vileplume\n|-damage|p1a: Blaziken|57/100|[from] Recoil\n|-damage|p1a: Blaziken|47/100|[from] item: Life Orb\n|\n|-ability|p1a: Blaziken|Speed Boost|boost\n|-boost|p1a: Blaziken|spe|1\n|upkeep\n|\n|t:|1790370754\n|switch|p2a: Slowbro|Slowbro, M|53/100\n|turn|23\n|\n|t:|1790370764\n|move|p1a: Blaziken|Knock Off|p2a: Slowbro\n|-supereffective|p2a: Slowbro\n|-crit|p2a: Slowbro\n|-damage|p2a: Slowbro|0 fnt\n|-enditem|p2a: Slowbro|Heavy-Duty Boots|[from] move: Knock Off|[of] p1a: Blaziken\n|faint|p2a: Slowbro\n|-damage|p1a: Blaziken|37/100|[from] item: Life Orb\n|\n|win|a_shiny_zacian\n|raw|a_shiny_zacian's rating: 1108 &rarr; <strong>1132</strong><br />(+24 for winning)\n|raw|trashgengar's rating: 1092 &rarr; <strong>1069</strong><br />(-23 for losing)\n|l|\u2606trashgengar\n|player|p2|\n|l| ysuususysys\n", "uploadtime": 1790370771, "views": "3", "formatid": "gen8ou", "rating": 1069, "private": 0, "password": null}