{"id": "gen8ou-2689354566", "format": "[Gen 8] OU", "players": ["jojoseawa", "CranberryHabits"], "log": "|j|\u2606jojoseawa\n|j|\u2606CranberryHabits\n|t:|1790619964\n|gametype|singles\n|player|p1|jojoseawa|1|1000\n|player|p2|CranberryHabits|parasollady|1000\n|gen|8\n|tier|[Gen 8] OU\n|rated|\n|rule|HP Percentage Mod: HP is shown in percentages\n|rule|Endless Battle Clause: Forcing endless battles is banned\n|rule|Sleep Clause Mod: Limit one foe put to sleep\n|rule|Species Clause: Limit one of each Pok\u00e9mon\n|rule|OHKO Clause: OHKO moves are banned\n|rule|Evasion Items Clause: Evasion items are banned\n|rule|Evasion Moves Clause: Evasion moves are banned\n|rule|Dynamax Clause: You cannot dynamax\n|clearpoke\n|poke|p1|Nidoking, M|\n|poke|p1|Blacephalon|\n|poke|p1|Salamence, M|\n|poke|p1|Regieleki|\n|poke|p1|Blissey, F|\n|poke|p1|Tapu Lele|\n|poke|p2|Ribombee, M|\n|poke|p2|Tapu Bulu|\n|poke|p2|Heatran, M|\n|poke|p2|Darmanitan, F|\n|poke|p2|Corviknight, F|\n|poke|p2|Urshifu-*, M|\n|teampreview\n|\n|t:|1790619972\n|teamsize|p1|6\n|teamsize|p2|6\n|start\n|switch|p1a: Nidoking|Nidoking, M, shiny|100/100\n|switch|p2a: Ribombee|Ribombee, M|100/100\n|turn|1\n|\n|t:|1790619980\n|move|p2a: Ribombee|Stun Spore|p1a: Nidoking\n|-status|p1a: Nidoking|par\n|move|p1a: Nidoking|Sludge Wave|p2a: Ribombee\n|-supereffective|p2a: Ribombee\n|-enditem|p2a: Ribombee|Focus Sash\n|-damage|p2a: Ribombee|1/100\n|\n|upkeep\n|turn|2\n|\n|t:|1790619990\n|move|p2a: Ribombee|Sticky Web|p1a: Nidoking\n|-sidestart|p1: jojoseawa|move: Sticky Web\n|move|p1a: Nidoking|Ice Beam|p2a: Ribombee\n|-damage|p2a: Ribombee|0 fnt\n|faint|p2a: Ribombee\n|\n|upkeep\n|\n|t:|1790620018\n|switch|p2a: Corviknight|Corviknight, F|100/100\n|-ability|p2a: Corviknight|Pressure\n|turn|3\n|\n|t:|1790620025\n|move|p2a: Corviknight|Bulk Up|p2a: Corviknight\n|-boost|p2a: Corviknight|atk|1\n|-boost|p2a: Corviknight|def|1\n|move|p1a: Nidoking|Thunderbolt|p2a: Corviknight\n|-supereffective|p2a: Corviknight\n|-damage|p2a: Corviknight|47/100\n|\n|-heal|p2a: Corviknight|53/100|[from] item: Leftovers\n|upkeep\n|turn|4\n|\n|t:|1790620040\n|move|p2a: Corviknight|Drill Peck|p1a: Nidoking\n|-damage|p1a: Nidoking|52/100 par\n|move|p1a: Nidoking|Thunderbolt|p2a: Corviknight\n|-supereffective|p2a: Corviknight\n|-crit|p2a: Corviknight\n|-damage|p2a: Corviknight|0 fnt\n|faint|p2a: Corviknight\n|\n|upkeep\n|\n|t:|1790620052\n|switch|p2a: Heatran|Heatran, M|100/100\n|turn|5\n|\n|t:|1790620062\n|move|p2a: Heatran|Earth Power|p1a: Nidoking\n|-supereffective|p1a: Nidoking\n|-damage|p1a: Nidoking|0 fnt\n|faint|p1a: Nidoking\n|\n|upkeep\n|\n|t:|1790620068\n|switch|p1a: Salamence|Salamence, M, shiny|100/100\n|-ability|p1a: Salamence|Intimidate|boost\n|-unboost|p2a: Heatran|atk|1\n|turn|6\n|\n|t:|1790620075\n|switch|p2a: Tapu Bulu|Tapu Bulu|100/100\n|-fieldstart|move: Grassy Terrain|[from] ability: Grassy Surge|[of] p2a: Tapu Bulu\n|move|p1a: Salamence|Earthquake|p2a: Tapu Bulu\n|-resisted|p2a: Tapu Bulu\n|-damage|p2a: Tapu Bulu|94/100\n|\n|-heal|p2a: Tapu Bulu|99/100|[from] Grassy Terrain\n|-heal|p2a: Tapu Bulu|100/100|[from] item: Leftovers\n|upkeep\n|turn|7\n|\n|t:|1790620092\n|switch|p1a: Blissey|Blissey, F, shiny|100/100\n|-activate|p1a: Blissey|move: Sticky Web\n|-unboost|p1a: Blissey|spe|1\n|move|p2a: Tapu Bulu|Swords Dance|p2a: Tapu Bulu\n|-boost|p2a: Tapu Bulu|atk|2\n|\n|upkeep\n|turn|8\n|\n|t:|1790620101\n|move|p2a: Tapu Bulu|Superpower|p1a: Blissey\n|-supereffective|p1a: Blissey\n|-damage|p1a: Blissey|0 fnt\n|-unboost|p2a: Tapu Bulu|atk|1\n|-unboost|p2a: Tapu Bulu|def|1\n|faint|p1a: Blissey\n|\n|upkeep\n|-message|jojoseawa forfeited.\n|\n|win|CranberryHabits\n|raw|jojoseawa's rating: 1000 &rarr; <strong>1000</strong><br />(+0 for losing)\n|raw|CranberryHabits's rating: 1000 &rarr; <strong>1040</strong><br />(+40 for winning)\n|l|\u2606jojoseawa\n|player|p1|\n|j| GruesomeLovelies\n", "uploadtime": 1790620110, "views": "13", "formatid": "gen8ou", "rating": 1000, "private": 0, "password": null}