{"id": "gen8ou-2695195297", "format": "[Gen 8] OU", "players": ["IoSonoNeon", "Mindnight"], "log": "|j|\u2606IoSonoNeon\n|j|\u2606Mindnight\n|t:|1791491829\n|gametype|singles\n|player|p1|IoSonoNeon|#dpppliii|\n|player|p2|Mindnight|steven-masters2|\n|gen|8\n|tier|[Gen 8] OU\n|rated|Tournament battle\n|rule|HP Percentage Mod: HP is shown in percentages\n|rule|Endless Battle Clause: Forcing endless battles is banned\n|rule|Sleep Clause Mod: Limit one foe put to sleep\n|rule|Species Clause: Limit one of each Pok\u00e9mon\n|rule|OHKO Clause: OHKO moves are banned\n|rule|Evasion Items Clause: Evasion items are banned\n|rule|Evasion Moves Clause: Evasion moves are banned\n|rule|Dynamax Clause: You cannot dynamax\n|clearpoke\n|poke|p1|Landorus-Therian, M|\n|poke|p1|Volcanion|\n|poke|p1|Pelipper, M|\n|poke|p1|Melmetal|\n|poke|p1|Dragapult, M|\n|poke|p1|Crawdaunt, M|\n|poke|p2|Cresselia, F|\n|poke|p2|Cursola, M|\n|poke|p2|Dragalge, M|\n|poke|p2|Melmetal|\n|poke|p2|Crawdaunt, M|\n|poke|p2|Stakataka|\n|teampreview\n|inactive|Battle timer is ON: inactive players will automatically lose when time's up. (requested by Mindnight)\n|inactive|IoSonoNeon has 120 seconds left.\n|\n|t:|1791491883\n|teamsize|p1|6\n|teamsize|p2|6\n|start\n|switch|p1a: Pelipper|Pelipper, M, shiny|100/100\n|switch|p2a: 7marberto|Melmetal, shiny|100/100\n|-weather|RainDance|[from] ability: Drizzle|[of] p1a: Pelipper\n|turn|1\n|\n|t:|1791491892\n|switch|p2a: Zizinaps|Dragalge, M, shiny|100/100\n|move|p1a: Pelipper|Weather Ball|p2a: Zizinaps\n|-resisted|p2a: Zizinaps\n|-damage|p2a: Zizinaps|62/100\n|\n|-weather|RainDance|[upkeep]\n|upkeep\n|turn|2\n|\n|t:|1791491898\n|switch|p1a: Melmetal|Melmetal|100/100\n|move|p2a: Zizinaps|Focus Blast|p1a: Melmetal\n|-supereffective|p1a: Melmetal\n|-damage|p1a: Melmetal|39/100\n|\n|-weather|RainDance|[upkeep]\n|upkeep\n|turn|3\n|inactive|IoSonoNeon has 120 seconds left.\n|\n|t:|1791491935\n|switch|p2a: 7marberto|Melmetal, shiny|100/100\n|move|p1a: Melmetal|Earthquake|p2a: 7marberto\n|-supereffective|p2a: 7marberto\n|-damage|p2a: 7marberto|68/100\n|\n|-weather|RainDance|[upkeep]\n|upkeep\n|turn|4\n|\n|t:|1791491943\n|switch|p1a: Volcanion|Volcanion|100/100\n|move|p2a: 7marberto|Double Iron Bash|p1a: Volcanion\n|-resisted|p1a: Volcanion\n|-damage|p1a: Volcanion|88/100\n|-resisted|p1a: Volcanion\n|-damage|p1a: Volcanion|75/100\n|-hitcount|p1a: Volcanion|2\n|\n|-weather|RainDance|[upkeep]\n|upkeep\n|turn|5\n|inactive|IoSonoNeon has 120 seconds left.\n|\n|t:|1791491979\n|switch|p2a: armfinipton|Crawdaunt, M, shiny|100/100\n|move|p1a: Volcanion|Steam Eruption|p2a: armfinipton\n|-resisted|p2a: armfinipton\n|-damage|p2a: armfinipton|11/100\n|\n|-weather|none\n|upkeep\n|turn|6\n|\n|t:|1791491985\n|move|p2a: armfinipton|Knock Off|p1a: Volcanion\n|-damage|p1a: Volcanion|0 fnt\n|-enditem|p1a: Volcanion|Heavy-Duty Boots|[from] move: Knock Off|[of] p2a: armfinipton\n|faint|p1a: Volcanion\n|-damage|p2a: armfinipton|2/100|[from] item: Life Orb\n|\n|upkeep\n|\n|t:|1791492009\n|switch|p1a: Landorus|Landorus-Therian, M|100/100\n|-ability|p1a: Landorus|Intimidate|boost\n|-unboost|p2a: armfinipton|atk|1\n|turn|7\n|\n|t:|1791492015\n|switch|p2a: Grillageland|Cresselia, F, shiny|100/100\n|move|p1a: Landorus|U-turn|p2a: Grillageland\n|-supereffective|p2a: Grillageland\n|-damage|p2a: Grillageland|79/100\n|\n|t:|1791492019\n|switch|p1a: Dragapult|Dragapult, M, shiny|100/100|[from] U-turn\n|\n|upkeep\n|turn|8\n|\n|t:|1791492025\n|switch|p2a: armfinipton|Crawdaunt, M, shiny|2/100\n|move|p1a: Dragapult|Shadow Ball|p2a: armfinipton\n|-resisted|p2a: armfinipton\n|-damage|p2a: armfinipton|0 fnt\n|faint|p2a: armfinipton\n|\n|upkeep\n|\n|t:|1791492028\n|switch|p2a: le front dhats|Stakataka|100/100\n|-item|p2a: le front dhats|Air Balloon\n|turn|9\n|\n|t:|1791492034\n|switch|p1a: Landorus|Landorus-Therian, M|100/100\n|-ability|p1a: Landorus|Intimidate|boost\n|-unboost|p2a: le front dhats|atk|1\n|move|p2a: le front dhats|Trick Room|p2a: le front dhats\n|-fieldstart|move: Trick Room|[of] p2a: le front dhats\n|\n|upkeep\n|turn|10\n|\n|t:|1791492040\n|move|p2a: le front dhats|Gyro Ball|p1a: Landorus\n|-damage|p1a: Landorus|59/100\n|move|p1a: Landorus|Stealth Rock|p2a: le front dhats\n|-sidestart|p2: Mindnight|move: Stealth Rock\n|\n|-heal|p1a: Landorus|65/100|[from] item: Leftovers\n|upkeep\n|turn|11\n|\n|t:|1791492043\n|move|p2a: le front dhats|Gyro Ball|p1a: Landorus\n|-damage|p1a: Landorus|18/100\n|move|p1a: Landorus|U-turn|p2a: le front dhats\n|-resisted|p2a: le front dhats\n|-damage|p2a: le front dhats|94/100\n|-enditem|p2a: le front dhats|Air Balloon\n|\n|t:|1791492048\n|switch|p1a: Crawdaunt|Crawdaunt, M|100/100|[from] U-turn\n|\n|upkeep\n|turn|12\n|\n|t:|1791492056\n|switch|p2a: Zizinaps|Dragalge, M, shiny|62/100\n|-damage|p2a: Zizinaps|50/100|[from] Stealth Rock\n|move|p1a: Crawdaunt|Aqua Jet|p2a: Zizinaps\n|-resisted|p2a: Zizinaps\n|-damage|p2a: Zizinaps|27/100\n|\n|upkeep\n|turn|13\n|\n|t:|1791492061\n|switch|p1a: Melmetal|Melmetal|39/100\n|move|p2a: Zizinaps|Draco Meteor|p1a: Melmetal\n|-resisted|p1a: Melmetal\n|-damage|p1a: Melmetal|3/100\n|-unboost|p2a: Zizinaps|spa|2\n|\n|-fieldend|move: Trick Room\n|upkeep\n|turn|14\n|\n|t:|1791492065\n|move|p1a: Melmetal|Double Iron Bash|p2a: Zizinaps\n|-damage|p2a: Zizinaps|0 fnt\n|faint|p2a: Zizinaps\n|-hitcount|p2: Zizinaps|1\n|\n|upkeep\n|\n|t:|1791492070\n|switch|p2a: Grillageland|Cresselia, F, shiny|79/100\n|-damage|p2a: Grillageland|67/100|[from] Stealth Rock\n|turn|15\n|\n|t:|1791492072\n|move|p1a: Melmetal|Double Iron Bash|p2a: Grillageland\n|-damage|p2a: Grillageland|49/100\n|-damage|p2a: Grillageland|32/100\n|-hitcount|p2a: Grillageland|2\n|move|p2a: Grillageland|Trick Room|p2a: Grillageland\n|-fieldstart|move: Trick Room|[of] p2a: Grillageland\n|\n|upkeep\n|turn|16\n|\n|t:|1791492080\n|switch|p1a: Landorus|Landorus-Therian, M|18/100\n|-ability|p1a: Landorus|Intimidate|boost\n|-unboost|p2a: Grillageland|atk|1\n|move|p2a: Grillageland|Lunar Dance|p2a: Grillageland\n|faint|p2a: Grillageland\n|\n|-heal|p1a: Landorus|24/100|[from] item: Leftovers\n|upkeep\n|\n|t:|1791492082\n|switch|p2a: 7marberto|Melmetal, shiny|68/100\n|-heal|p2a: 7marberto|100/100|[from] move: Lunar Dance\n|-damage|p2a: 7marberto|94/100|[from] Stealth Rock\n|turn|17\n|\n|t:|1791492091\n|switch|p1a: Melmetal|Melmetal|3/100\n|move|p2a: 7marberto|Double Iron Bash|p1a: Melmetal\n|-resisted|p1a: Melmetal\n|-damage|p1a: Melmetal|0 fnt\n|faint|p1a: Melmetal\n|-hitcount|p1: Melmetal|1\n|\n|upkeep\n|\n|t:|1791492094\n|switch|p1a: Landorus|Landorus-Therian, M|24/100\n|-ability|p1a: Landorus|Intimidate|boost\n|-unboost|p2a: 7marberto|atk|1\n|turn|18\n|\n|t:|1791492100\n|move|p2a: 7marberto|Double Iron Bash|p1a: Landorus\n|-damage|p1a: Landorus|0 fnt\n|faint|p1a: Landorus\n|-hitcount|p1: Landorus|1\n|\n|upkeep\n|\n|t:|1791492104\n|switch|p1a: Pelipper|Pelipper, M, shiny|100/100\n|-weather|RainDance|[from] ability: Drizzle|[of] p1a: Pelipper\n|turn|19\n|\n|t:|1791492107\n|move|p2a: 7marberto|Double Iron Bash|p1a: Pelipper\n|-resisted|p1a: Pelipper\n|-damage|p1a: Pelipper|73/100\n|-resisted|p1a: Pelipper\n|-damage|p1a: Pelipper|44/100\n|-hitcount|p1a: Pelipper|2\n|cant|p1a: Pelipper|flinch\n|\n|-weather|RainDance|[upkeep]\n|-fieldend|move: Trick Room\n|upkeep\n|turn|20\n|\n|t:|1791492110\n|move|p1a: Pelipper|Weather Ball|p2a: 7marberto\n|-crit|p2a: 7marberto\n|-damage|p2a: 7marberto|0 fnt\n|faint|p2a: 7marberto\n|\n|-weather|RainDance|[upkeep]\n|upkeep\n|\n|t:|1791492119\n|switch|p2a: Grilladeland|Cursola, M, shiny|100/100\n|-damage|p2a: Grilladeland|88/100|[from] Stealth Rock\n|turn|21\n|\n|t:|1791492122\n|move|p1a: Pelipper|Weather Ball|p2a: Grilladeland\n|-damage|p2a: Grilladeland|3/100\n|move|p2a: Grilladeland|Giga Drain|p1a: Pelipper\n|-damage|p1a: Pelipper|0 fnt\n|-heal|p2a: Grilladeland|21/100|[from] drain|[of] p1a: Pelipper\n|faint|p1a: Pelipper\n|\n|-weather|RainDance|[upkeep]\n|upkeep\n|\n|t:|1791492133\n|switch|p1a: Crawdaunt|Crawdaunt, M|100/100\n|turn|22\n|\n|t:|1791492135\n|move|p1a: Crawdaunt|Crabhammer|p2a: Grilladeland\n|-damage|p2a: Grilladeland|0 fnt\n|-ability|p2a: Grilladeland|Perish Body\n|faint|p2a: Grilladeland\n|\n|-weather|RainDance|[upkeep]\n|-start|p1a: Crawdaunt|perish3\n|upkeep\n|\n|t:|1791492138\n|switch|p2a: le front dhats|Stakataka|94/100\n|-damage|p2a: le front dhats|88/100|[from] Stealth Rock\n|turn|23\n|\n|t:|1791492140\n|move|p1a: Crawdaunt|Crabhammer|p2a: le front dhats\n|-supereffective|p2a: le front dhats\n|-damage|p2a: le front dhats|0 fnt\n|faint|p2a: le front dhats\n|\n|win|IoSonoNeon\n|n|\u2606IoSonoNeon|iosononeon\n|n|\u2606Mindnight|mindnight\n|c|\u2606Mindnight|gg\n|l|\u2606Mindnight\n|player|p2|\n|c|\u2606IoSonoNeon|gg\n", "uploadtime": 1791492150, "views": "4", "formatid": "gen8ou", "rating": null, "private": 0, "password": null}