{"id": "gen8ou-2693978150", "format": "[Gen 8] OU", "players": ["hyag0", "z4lv4"], "log": "|j|\u2606hyag0\n|j|\u2606z4lv4\n|inactive|Battle timer is ON: inactive players will automatically lose when time's up.\n|t:|1791315897\n|gametype|singles\n|player|p1|hyag0|marnie-masters3|\n|player|p2|z4lv4|amelia-shuffle|\n|gen|8\n|tier|[Gen 8] OU\n|rated|Tournament battle\n|rule|HP Percentage Mod: HP is shown in percentages\n|rule|Endless Battle Clause: Forcing endless battles is banned\n|rule|Sleep Clause Mod: Limit one foe put to sleep\n|rule|Species Clause: Limit one of each Pok\u00e9mon\n|rule|OHKO Clause: OHKO moves are banned\n|rule|Evasion Items Clause: Evasion items are banned\n|rule|Evasion Moves Clause: Evasion moves are banned\n|rule|Dynamax Clause: You cannot dynamax\n|clearpoke\n|poke|p1|Garchomp, F|\n|poke|p1|Rillaboom, F|\n|poke|p1|Melmetal|\n|poke|p1|Toxapex, M|\n|poke|p1|Tornadus-Therian, M|\n|poke|p1|Heatran, M|\n|poke|p2|Pelipper, F|\n|poke|p2|Barraskewda, M|\n|poke|p2|Tapu Lele|\n|poke|p2|Ferrothorn, F|\n|poke|p2|Zapdos|\n|poke|p2|Garchomp, M|\n|teampreview\n|c|\u2606hyag0|Esse time \u00e9 da battle dos 600 turno\n|inactive|hyag0 has 120 seconds left.\n|\n|t:|1791315929\n|teamsize|p1|6\n|teamsize|p2|6\n|start\n|switch|p1a: Rillaboom|Rillaboom, F|100/100\n|switch|p2a: Garchomp|Garchomp, M|100/100\n|-fieldstart|move: Grassy Terrain|[from] ability: Grassy Surge|[of] p1a: Rillaboom\n|turn|1\n|c|\u2606z4lv4|o meu ou o seu\n|c|\u2606hyag0|Meu\n|\n|t:|1791315942\n|move|p2a: Garchomp|Stealth Rock|p1a: Rillaboom\n|-sidestart|p1: hyag0|move: Stealth Rock\n|move|p1a: Rillaboom|Swords Dance|p1a: Rillaboom\n|-boost|p1a: Rillaboom|atk|2\n|\n|upkeep\n|turn|2\n|c|\u2606hyag0|Fire fang nn mata\n|c|\u2606hyag0|A\n|\n|t:|1791315952\n|switch|p2a: Ferrothorn|Ferrothorn, F|100/100\n|move|p1a: Rillaboom|Grassy Glide|p2a: Ferrothorn\n|-resisted|p2a: Ferrothorn\n|-damage|p2a: Ferrothorn|79/100\n|-damage|p1a: Rillaboom|88/100|[from] ability: Iron Barbs|[of] p2a: Ferrothorn\n|-damage|p1a: Rillaboom|72/100|[from] item: Rocky Helmet|[of] p2a: Ferrothorn\n|-damage|p1a: Rillaboom|62/100|[from] item: Life Orb\n|\n|-heal|p1a: Rillaboom|68/100|[from] Grassy Terrain\n|-heal|p2a: Ferrothorn|85/100|[from] Grassy Terrain\n|upkeep\n|turn|3\n|\n|t:|1791315960\n|move|p1a: Rillaboom|Drain Punch|p2a: Ferrothorn\n|-supereffective|p2a: Ferrothorn\n|-damage|p2a: Ferrothorn|0 fnt\n|-heal|p1a: Rillaboom|100/100|[from] drain|[of] p2a: Ferrothorn\n|-damage|p1a: Rillaboom|88/100|[from] ability: Iron Barbs|[of] p2a: Ferrothorn\n|-damage|p1a: Rillaboom|72/100|[from] item: Rocky Helmet|[of] p2a: Ferrothorn\n|faint|p2a: Ferrothorn\n|-damage|p1a: Rillaboom|62/100|[from] item: Life Orb\n|\n|-heal|p1a: Rillaboom|68/100|[from] Grassy Terrain\n|upkeep\n|\n|t:|1791315967\n|switch|p2a: Zapdos|Zapdos|100/100\n|turn|4\n|c|\u2606hyag0|MASQUEICUUU\n|\n|t:|1791315986\n|switch|p1a: Melmetal|Melmetal|100/100\n|-damage|p1a: Melmetal|94/100|[from] Stealth Rock\n|move|p2a: Zapdos|Hurricane|p1a: Melmetal\n|-resisted|p1a: Melmetal\n|-damage|p1a: Melmetal|65/100\n|\n|-heal|p1a: Melmetal|71/100|[from] Grassy Terrain\n|-heal|p1a: Melmetal|77/100|[from] item: Leftovers\n|upkeep\n|turn|5\n|c|\u2606z4lv4|!dt ferrothron\n'ferrothron' has no exact match in Gen 8. Approximate match:\n|c|\u2606z4lv4|/raw <div class=\"message\"><ul class=\"utilichart\"><li class=\"result\"><span class=\"col numcol\">OU</span> <span class=\"col iconcol\"><psicon pokemon=\"ferrothorn\"/></span> <span class=\"col pokemonnamecol\" style=\"white-space:nowrap\"><a href=\"https://dex.pokemonshowdown.com/pokemon/ferrothorn\" target=\"_blank\">Ferrothorn</a></span> <span class=\"col typecol\"><img src=\"https://play.pokemonshowdown.com/sprites/types/Grass.png\" alt=\"Grass\" height=\"14\" width=\"32\"><img src=\"https://play.pokemonshowdown.com/sprites/types/Steel.png\" alt=\"Steel\" height=\"14\" width=\"32\"></span> <span style=\"float:left;min-height:26px\"><span class=\"col abilitycol\">Iron Barbs</span><span class=\"col abilitycol\"><em>Anticipation</em></span></span><span style=\"float:left;min-height:26px\"><span class=\"col statcol\"><em>HP</em><br />74</span> <span class=\"col statcol\"><em>Atk</em><br />94</span> <span class=\"col statcol\"><em>Def</em><br />131</span> <span class=\"col statcol\"><em>SpA</em><br />54</span> <span class=\"col statcol\"><em>SpD</em><br />116</span> <span class=\"col statcol\"><em>Spe</em><br />20</span> <span class=\"col bstcol\"><em>BST<br />489</em></span> </span></li><li style=\"clear:both\"></li></ul></div>\n|c|\u2606z4lv4|/raw <font size=\"1\"><span class=\"gray\">Dex#:</span> 598&nbsp;|&ThickSpace;<span class=\"gray\">Generation:</span> 5&nbsp;|&ThickSpace;<span class=\"gray\">Height:</span> 1 m&nbsp;|&ThickSpace;<span class=\"gray\">Weight:</span> 110 kg <em>(100 BP)</em>&nbsp;|&ThickSpace;<span class=\"gray\">Color:</span> Gray&nbsp;|&ThickSpace;<span class=\"gray\">Egg Groups:</span> Grass, Mineral&nbsp;|&ThickSpace;<span class=\"gray\">Gender:</span> Male: 50%, Female: 50%&nbsp;|&ThickSpace;<span class=\"gray\">Pre-Evolution:</span> Ferroseed&nbsp;|&ThickSpace;<span class=\"gray\">Does Not Evolve</span></font>\n\n|inactive|z4lv4 has 120 seconds left.\n|c|\u2606hyag0|Q foi?\n|c|\u2606z4lv4|!showset 2\n|c| z4lv4|/raw <div class=\"infobox\">Barraskewda @ Choice Band  <br />Ability: Swift Swim  <br />EVs: 252 Atk &#x2f; 4 SpD &#x2f; 252 Spe  <br />Adamant Nature  <br />- Liquidation  <br />- Close Combat  <br />- Crunch  <br />- Flip Turn  <br /><br /></div>\n|c|\u2606z4lv4|pensando\n|c|\u2606z4lv4|e errei o mon mds\n|c|\u2606z4lv4|!showset 4\n|c| z4lv4|/raw <div class=\"infobox\">Ferrothorn @ Rocky Helmet  <br />Ability: Iron Barbs  <br />EVs: 252 HP &#x2f; 24 Def &#x2f; 232 SpD  <br />Careful Nature  <br />- Spikes  <br />- Leech Seed  <br />- Power Whip  <br />- Knock Off  <br /><br /></div>\n|c|\u2606z4lv4|aah, n \u00e9 treinado em def\n|inactive|z4lv4 has 90 seconds left.\n|\n|t:|1791316049\n|switch|p2a: Pelipper|Pelipper, F|100/100\n|-weather|RainDance|[from] ability: Drizzle|[of] p2a: Pelipper\n|move|p1a: Melmetal|Substitute|p1a: Melmetal\n|-start|p1a: Melmetal|Substitute\n|-damage|p1a: Melmetal|52/100\n|\n|-weather|RainDance|[upkeep]\n|-heal|p1a: Melmetal|58/100|[from] Grassy Terrain\n|-heal|p1a: Melmetal|64/100|[from] item: Leftovers\n|-fieldend|move: Grassy Terrain\n|upkeep\n|turn|6\n|c|\u2606hyag0|!showset 2\n|c| hyag0|/raw <div class=\"infobox\">Rillaboom @ Life Orb  <br />Ability: Grassy Surge  <br />EVs: 4 HP &#x2f; 252 Atk &#x2f; 252 Spe  <br />Jolly Nature  <br />- Swords Dance  <br />- Grassy Glide  <br />- Knock Off  <br />- Drain Punch  <br /><br /></div>\n|\n|t:|1791316060\n|move|p2a: Pelipper|Scald|p1a: Melmetal\n|-end|p1a: Melmetal|Substitute\n|move|p1a: Melmetal|Thunder Punch|p2a: Pelipper\n|-supereffective|p2a: Pelipper\n|-damage|p2a: Pelipper|0 fnt\n|faint|p2a: Pelipper\n|\n|-weather|RainDance|[upkeep]\n|-heal|p1a: Melmetal|70/100|[from] item: Leftovers\n|upkeep\n|\n|t:|1791316071\n|switch|p2a: Barraskewda|Barraskewda, M|100/100\n|turn|7\n|c|\u2606hyag0|Gen8 \u00e9 minha especialidade\n|j| Skillfullbeing\n|\n|t:|1791316082\n|switch|p1a: Tornadus|Tornadus-Therian, M|100/100\n|move|p2a: Barraskewda|Crunch|p1a: Tornadus\n|-damage|p1a: Tornadus|49/100\n|\n|-weather|RainDance|[upkeep]\n|upkeep\n|turn|8\n|l| Skillfullbeing\n|c|\u2606z4lv4|tu n temeu um liquidation n?\n|\n|t:|1791316096\n|move|p2a: Barraskewda|Crunch|p1a: Tornadus\n|-damage|p1a: Tornadus|2/100\n|move|p1a: Tornadus|U-turn|p2a: Barraskewda\n|-damage|p2a: Barraskewda|71/100\n|c|\u2606hyag0|No\n|\n|t:|1791316102\n|switch|p1a: Rillaboom|Rillaboom, F|68/100|[from] U-turn\n|-damage|p1a: Rillaboom|55/100|[from] Stealth Rock\n|-fieldstart|move: Grassy Terrain|[from] ability: Grassy Surge|[of] p1a: Rillaboom\n|\n|-weather|RainDance|[upkeep]\n|-heal|p2a: Barraskewda|77/100|[from] Grassy Terrain\n|-heal|p1a: Rillaboom|62/100|[from] Grassy Terrain\n|upkeep\n|turn|9\n|\n|t:|1791316112\n|switch|p2a: Garchomp|Garchomp, M|100/100\n|move|p1a: Rillaboom|Grassy Glide|p2a: Garchomp\n|-damage|p2a: Garchomp|37/100\n|-damage|p1a: Rillaboom|49/100|[from] ability: Rough Skin|[of] p2a: Garchomp\n|-damage|p1a: Rillaboom|39/100|[from] item: Life Orb\n|\n|-weather|RainDance|[upkeep]\n|-heal|p2a: Garchomp|43/100|[from] Grassy Terrain\n|-heal|p2a: Garchomp|50/100|[from] item: Leftovers\n|-heal|p1a: Rillaboom|46/100|[from] Grassy Terrain\n|upkeep\n|turn|10\n|c|\u2606hyag0|Papo do rilla ganhar o jogo aq\n|\n|t:|1791316121\n|move|p1a: Rillaboom|Grassy Glide|p2a: Garchomp\n|-damage|p2a: Garchomp|0 fnt\n|-damage|p1a: Rillaboom|33/100|[from] ability: Rough Skin|[of] p2a: Garchomp\n|faint|p2a: Garchomp\n|-damage|p1a: Rillaboom|23/100|[from] item: Life Orb\n|\n|-weather|RainDance|[upkeep]\n|-heal|p1a: Rillaboom|29/100|[from] Grassy Terrain\n|upkeep\n|\n|t:|1791316125\n|switch|p2a: Zapdos|Zapdos|100/100\n|turn|11\n|\n|t:|1791316134\n|switch|p1a: Garchomp|Garchomp, F|100/100\n|-damage|p1a: Garchomp|94/100|[from] Stealth Rock\n|move|p2a: Zapdos|Weather Ball|p1a: Garchomp\n|-damage|p1a: Garchomp|59/100\n|\n|-weather|RainDance|[upkeep]\n|-heal|p1a: Garchomp|65/100|[from] Grassy Terrain\n|-heal|p1a: Garchomp|72/100|[from] item: Leftovers\n|upkeep\n|turn|12\n|\n|t:|1791316144\n|switch|p2a: Tapu Lele|Tapu Lele|100/100\n|-fieldstart|move: Psychic Terrain|[from] ability: Psychic Surge|[of] p2a: Tapu Lele\n|move|p1a: Garchomp|Stealth Rock|p2a: Tapu Lele\n|-sidestart|p2: z4lv4|move: Stealth Rock\n|\n|-weather|none\n|-heal|p1a: Garchomp|78/100|[from] item: Leftovers\n|upkeep\n|turn|13\n|\n|t:|1791316149\n|move|p1a: Garchomp|Protect|p1a: Garchomp\n|-singleturn|p1a: Garchomp|Protect\n|move|p2a: Tapu Lele|Psyshock|p1a: Garchomp\n|-activate|p1a: Garchomp|move: Protect\n|\n|-heal|p1a: Garchomp|84/100|[from] item: Leftovers\n|upkeep\n|turn|14\n|c|\u2606z4lv4|to perdendo\n|\n|t:|1791316163\n|switch|p2a: Zapdos|Zapdos|100/100\n|switch|p1a: Melmetal|Melmetal|70/100\n|-damage|p1a: Melmetal|64/100|[from] Stealth Rock\n|\n|-heal|p1a: Melmetal|70/100|[from] item: Leftovers\n|upkeep\n|turn|15\n|c|\u2606z4lv4|e n \u00e9 por pouco\n|c|\u2606hyag0|Kkkkkk\n|\n|t:|1791316172\n|move|p2a: Zapdos|Thunder|p1a: Melmetal\n|-damage|p1a: Melmetal|17/100\n|move|p1a: Melmetal|Substitute|p1a: Melmetal\n|-fail|p1a: Melmetal|move: Substitute|[weak]\n|\n|-heal|p1a: Melmetal|23/100|[from] item: Leftovers\n|upkeep\n|turn|16\n|c|\u2606hyag0|Droga\n|\n|t:|1791316183\n|move|p2a: Zapdos|Hurricane|p1a: Melmetal\n|-resisted|p1a: Melmetal\n|-damage|p1a: Melmetal|0 fnt\n|faint|p1a: Melmetal\n|\n|-fieldend|move: Psychic Terrain\n|upkeep\n|\n|t:|1791316193\n|switch|p1a: Toxapex|Toxapex, M|100/100\n|-damage|p1a: Toxapex|88/100|[from] Stealth Rock\n|turn|17\n|c|\u2606hyag0|Miss da mrd\n|c|\u2606z4lv4|n teve miss nenhum\n|c|\u2606z4lv4|eu q deixei fora de range\n|\n|t:|1791316217\n|move|p2a: Zapdos|Thunder|p1a: Toxapex\n|-supereffective|p1a: Toxapex\n|-damage|p1a: Toxapex|17/100\n|move|p1a: Toxapex|Knock Off|p2a: Zapdos\n|-damage|p2a: Zapdos|86/100\n|-enditem|p2a: Zapdos|Heavy-Duty Boots|[from] move: Knock Off|[of] p1a: Toxapex\n|\n|-heal|p1a: Toxapex|23/100|[from] item: Black Sludge\n|upkeep\n|turn|18\n|\n|t:|1791316225\n|switch|p1a: Garchomp|Garchomp, F|84/100\n|-damage|p1a: Garchomp|78/100|[from] Stealth Rock\n|move|p2a: Zapdos|Hurricane|p1a: Garchomp\n|-damage|p1a: Garchomp|41/100\n|\n|-heal|p1a: Garchomp|47/100|[from] item: Leftovers\n|upkeep\n|turn|19\n|c|\u2606z4lv4|dtail\n|\n|t:|1791316236\n|move|p2a: Zapdos|Hurricane|p1a: Garchomp\n|-damage|p1a: Garchomp|9/100\n|move|p1a: Garchomp|Toxic|p2a: Zapdos\n|-status|p2a: Zapdos|tox\n|\n|-heal|p1a: Garchomp|15/100|[from] item: Leftovers\n|-damage|p2a: Zapdos|80/100 tox|[from] psn\n|upkeep\n|turn|20\n|c|\u2606hyag0|Nah\n|\n|t:|1791316246\n|move|p1a: Garchomp|Protect|p1a: Garchomp\n|-singleturn|p1a: Garchomp|Protect\n|move|p2a: Zapdos|Hurricane|p1a: Garchomp\n|-activate|p1a: Garchomp|move: Protect\n|\n|-heal|p1a: Garchomp|22/100|[from] item: Leftovers\n|-damage|p2a: Zapdos|67/100 tox|[from] psn\n|upkeep\n|turn|21\n|c|\u2606hyag0|Esse mrd erra hurricane nn?\n|c|\u2606hyag0|!dt scope lens\n|c|\u2606hyag0|/raw <ul class=\"utilichart\"><li class=\"result\"><span class=\"col itemiconcol\"><psicon item=\"scopelens\"></span> <span class=\"col namecol\"><a href=\"https://dex.pokemonshowdown.com/items/scopelens\">Scope Lens</a></span> </li><li style=\"clear:both\"></li></ul>\n|c|\u2606hyag0|/raw Holder&apos;s critical hit ratio is raised by 1 stage.\n|c|\u2606hyag0|/raw <font size=\"1\"><span class=\"gray\">Generation:</span> 2&nbsp;|&ThickSpace;<span class=\"gray\">Fling base power:</span> 30</font>\n\n|c|\u2606z4lv4|s\u00f3 faz sentido dtail como \u00faltimo move\n|c|\u2606hyag0|Ah dei knock msm\n|c|\u2606hyag0|Eq;-;\n|inactive|hyag0 has 120 seconds left.\n|c|\u2606z4lv4|aah\n|\n|t:|1791316284\n|switch|p1a: Toxapex|Toxapex, M|56/100\n|-damage|p1a: Toxapex|44/100|[from] Stealth Rock\n|move|p2a: Zapdos|Hurricane|p1a: Toxapex|[miss]\n|-miss|p2a: Zapdos|p1a: Toxapex\n|\n|-heal|p1a: Toxapex|50/100|[from] item: Black Sludge\n|-damage|p2a: Zapdos|49/100 tox|[from] psn\n|upkeep\n|turn|22\n|inactive|hyag0 has 120 seconds left.\n|\n|t:|1791316292\n|move|p2a: Zapdos|Thunder|p1a: Toxapex\n|-supereffective|p1a: Toxapex\n|-damage|p1a: Toxapex|0 fnt\n|faint|p1a: Toxapex\n|\n|-damage|p2a: Zapdos|24/100 tox|[from] psn\n|upkeep\n|inactive|hyag0 has 120 seconds left.\n|\n|t:|1791316297\n|switch|p1a: Rillaboom|Rillaboom, F|29/100\n|-damage|p1a: Rillaboom|17/100|[from] Stealth Rock\n|-fieldstart|move: Grassy Terrain|[from] ability: Grassy Surge|[of] p1a: Rillaboom\n|turn|23\n|\n|t:|1791316306\n|switch|p2a: Tapu Lele|Tapu Lele|100/100\n|-damage|p2a: Tapu Lele|88/100|[from] Stealth Rock\n|-fieldstart|move: Psychic Terrain|[from] ability: Psychic Surge|[of] p2a: Tapu Lele\n|move|p1a: Rillaboom|Grassy Glide|p2a: Tapu Lele\n|-damage|p2a: Tapu Lele|19/100\n|-damage|p1a: Rillaboom|7/100|[from] item: Life Orb\n|\n|upkeep\n|turn|24\n|\n|t:|1791316318\n|move|p1a: Rillaboom|Grassy Glide|p2a: Tapu Lele\n|-damage|p2a: Tapu Lele|0 fnt\n|faint|p2a: Tapu Lele\n|-damage|p1a: Rillaboom|0 fnt|[from] item: Life Orb\n|faint|p1a: Rillaboom\n|\n|upkeep\n|c|\u2606hyag0|Ok\n|inactive|hyag0 has 120 seconds left.\n|c|\u2606z4lv4|max speed jolly ;-;\n|c|\u2606hyag0|Gg pro c\u00ea\n|c|\u2606z4lv4|era specs bixn\n|c|\u2606hyag0|!showset 1\n|c| hyag0|/raw <div class=\"infobox\">Garchomp @ Leftovers  <br />Ability: Rough Skin  <br />EVs: 240 HP &#x2f; 252 SpD &#x2f; 16 Spe  <br />Careful Nature  <br />- Stealth Rock  <br />- Earthquake  <br />- Toxic  <br />- Protect  <br /><br /></div>\n|inactive|z4lv4 has 120 seconds left.\n|c|\u2606z4lv4|o gg \u00e9 pq eu ganhei ou perdi\n|inactive|hyag0 has 90 seconds left.\n|c|\u2606hyag0|Ganhou\n|\n|t:|1791316368\n|switch|p1a: Tornadus|Tornadus-Therian, M|35/100\n|switch|p2a: Barraskewda|Barraskewda, M|77/100\n|-damage|p2a: Barraskewda|65/100|[from] Stealth Rock\n|turn|25\n|c|\u2606z4lv4|nunca deia gg antes da hora\n|inactive|hyag0 has 90 seconds left.\n|inactive|z4lv4 has 120 seconds left.\n|c|\u2606z4lv4|eu sou profissa em trollar\n|\n|t:|1791316383\n|switch|p1a: Garchomp|Garchomp, F|22/100\n|-damage|p1a: Garchomp|15/100|[from] Stealth Rock\n|move|p2a: Barraskewda|Liquidation|p1a: Garchomp\n|-damage|p1a: Garchomp|0 fnt\n|-damage|p2a: Barraskewda|53/100|[from] ability: Rough Skin|[of] p1a: Garchomp\n|faint|p1a: Garchomp\n|\n|upkeep\n|c|\u2606hyag0|Kk\n|inactive|hyag0 has 90 seconds left.\n|\n|t:|1791316397\n|switch|p1a: Tornadus|Tornadus-Therian, M|68/100\n|turn|26\n|inactive|hyag0 has 90 seconds left.\n|\n|t:|1791316406\n|move|p1a: Tornadus|U-turn|p2a: Barraskewda\n|-damage|p2a: Barraskewda|26/100\n|\n|t:|1791316408\n|switch|p1a: Heatran|Heatran, M|100/100|[from] U-turn\n|-damage|p1a: Heatran|88/100|[from] Stealth Rock\n|-item|p1a: Heatran|Air Balloon\n|move|p2a: Barraskewda|Liquidation|p1a: Heatran\n|-supereffective|p1a: Heatran\n|-damage|p1a: Heatran|0 fnt\n|-enditem|p1a: Heatran|Air Balloon\n|faint|p1a: Heatran\n|\n|upkeep\n|\n|t:|1791316417\n|switch|p1a: Tornadus|Tornadus-Therian, M|100/100\n|turn|27\n|c|\u2606z4lv4|...\n|c|\u2606hyag0|Falei\n|c|\u2606z4lv4|isso outspeeda?\n|\n|t:|1791316425\n|move|p1a: Tornadus|U-turn|p2a: Barraskewda\n|-damage|p2a: Barraskewda|0 fnt\n|faint|p2a: Barraskewda\n|\n|-fieldend|move: Psychic Terrain\n|upkeep\n|\n|t:|1791316426\n|switch|p2a: Zapdos|Zapdos|24/100 tox\n|-damage|p2a: Zapdos|0 fnt|[from] Stealth Rock\n|faint|p2a: Zapdos\n|\n|win|hyag0\n|n|\u2606hyag0|hyag0\n|n|\u2606z4lv4|z4lv4\n", "uploadtime": 1791316426, "views": "3", "formatid": "gen8ou", "rating": null, "private": 0, "password": null}