{"id": "gen8ou-2694605433", "format": "[Gen 8] OU", "players": ["seanvu", "Infernoss"], "log": "|j|\u2606seanvu\n|j|\u2606Infernoss\n|t:|1791405258\n|gametype|singles\n|player|p1|seanvu|2|1298\n|player|p2|Infernoss|pokemonrangerf-gen4|1353\n|gen|8\n|tier|[Gen 8] OU\n|rated|\n|rule|HP Percentage Mod: HP is shown in percentages\n|rule|Endless Battle Clause: Forcing endless battles is banned\n|rule|Sleep Clause Mod: Limit one foe put to sleep\n|rule|Species Clause: Limit one of each Pok\u00e9mon\n|rule|OHKO Clause: OHKO moves are banned\n|rule|Evasion Items Clause: Evasion items are banned\n|rule|Evasion Moves Clause: Evasion moves are banned\n|rule|Dynamax Clause: You cannot dynamax\n|clearpoke\n|poke|p1|Rillaboom, M|\n|poke|p1|Corviknight, F|\n|poke|p1|Weavile, M|\n|poke|p1|Dragapult, M|\n|poke|p1|Heatran, F|\n|poke|p1|Landorus-Therian, M|\n|poke|p2|Xatu, M|\n|poke|p2|Slowking-Galar, F|\n|poke|p2|Landorus-Therian, M|\n|poke|p2|Klefki, M|\n|poke|p2|Rotom-Wash|\n|poke|p2|Keldeo-Resolute|\n|teampreview\n|inactive|Battle timer is ON: inactive players will automatically lose when time's up. (requested by seanvu)\n|\n|t:|1791405298\n|teamsize|p1|6\n|teamsize|p2|6\n|start\n|switch|p1a: Rillaboom|Rillaboom, M|100/100\n|switch|p2a: Klefki|Klefki, M|100/100\n|-fieldstart|move: Grassy Terrain|[from] ability: Grassy Surge|[of] p1a: Rillaboom\n|turn|1\n|\n|t:|1791405309\n|switch|p1a: Heatran|Heatran, F|100/100\n|-item|p1a: Heatran|Air Balloon\n|move|p2a: Klefki|Reflect|p2a: Klefki\n|-sidestart|p2: Infernoss|Reflect\n|\n|upkeep\n|turn|2\n|\n|t:|1791405324\n|switch|p1a: Rillaboom|Rillaboom, M|100/100\n|move|p2a: Klefki|Light Screen|p2a: Klefki\n|-sidestart|p2: Infernoss|move: Light Screen\n|\n|upkeep\n|turn|3\n|\n|t:|1791405329\n|switch|p2a: Toxica|Slowking-Galar, F, shiny|100/100\n|move|p1a: Rillaboom|U-turn|p2a: Toxica\n|-damage|p2a: Toxica|79/100\n|\n|t:|1791405338\n|switch|p1a: Landorus|Landorus-Therian, M|100/100|[from] U-turn\n|-ability|p1a: Landorus|Intimidate|boost\n|-unboost|p2a: Toxica|atk|1\n|\n|-heal|p2a: Toxica|85/100|[from] Grassy Terrain\n|upkeep\n|turn|4\n|\n|t:|1791405345\n|switch|p2a: Piolin|Xatu, M|100/100\n|move|p1a: Landorus|Knock Off|p2a: Piolin\n|-supereffective|p2a: Piolin\n|-enditem|p2a: Piolin|Colbur Berry|[eat]\n|-enditem|p2a: Piolin|Colbur Berry|[weaken]\n|-damage|p2a: Piolin|75/100\n|\n|upkeep\n|turn|5\n|\n|t:|1791405356\n|move|p1a: Landorus|Knock Off|p2a: Piolin\n|-supereffective|p2a: Piolin\n|-damage|p2a: Piolin|42/100\n|move|p2a: Piolin|Calm Mind|p2a: Piolin\n|-boost|p2a: Piolin|spa|1\n|-boost|p2a: Piolin|spd|1\n|\n|-fieldend|move: Grassy Terrain\n|upkeep\n|turn|6\n|\n|t:|1791405362\n|switch|p1a: Dragapult|Dragapult, M|100/100\n|move|p2a: Piolin|Roost|p2a: Piolin\n|-heal|p2a: Piolin|92/100\n|-singleturn|p2a: Piolin|move: Roost\n|\n|upkeep\n|turn|7\n|\n|t:|1791405369\n|move|p1a: Dragapult|Shadow Ball|p2a: Piolin\n|-supereffective|p2a: Piolin\n|-damage|p2a: Piolin|0 fnt\n|faint|p2a: Piolin\n|-damage|p1a: Dragapult|91/100|[from] item: Life Orb\n|\n|upkeep\n|\n|t:|1791405385\n|switch|p2a: Landorus|Landorus-Therian, M|100/100\n|-ability|p2a: Landorus|Intimidate|boost\n|-unboost|p1a: Dragapult|atk|1\n|turn|8\n|\n|t:|1791405392\n|switch|p1a: Corviknight|Corviknight, F|100/100\n|-ability|p1a: Corviknight|Pressure\n|move|p2a: Landorus|Knock Off|p1a: Corviknight\n|-damage|p1a: Corviknight|76/100\n|-damage|p2a: Landorus|84/100|[from] item: Rocky Helmet|[of] p1a: Corviknight\n|-enditem|p1a: Corviknight|Rocky Helmet|[from] move: Knock Off|[of] p2a: Landorus\n|\n|-heal|p2a: Landorus|90/100|[from] item: Leftovers\n|-sideend|p2: Infernoss|Reflect\n|upkeep\n|turn|9\n|\n|t:|1791405403\n|move|p2a: Landorus|Stealth Rock|p1a: Corviknight\n|-sidestart|p1: seanvu|move: Stealth Rock\n|move|p1a: Corviknight|U-turn|p2a: Landorus\n|-resisted|p2a: Landorus\n|-damage|p2a: Landorus|83/100\n|\n|t:|1791405411\n|switch|p1a: Rillaboom|Rillaboom, M|100/100|[from] U-turn\n|-damage|p1a: Rillaboom|88/100|[from] Stealth Rock\n|-fieldstart|move: Grassy Terrain|[from] ability: Grassy Surge|[of] p1a: Rillaboom\n|\n|-heal|p2a: Landorus|89/100|[from] item: Leftovers\n|-heal|p1a: Rillaboom|94/100|[from] Grassy Terrain\n|-sideend|p2: Infernoss|move: Light Screen\n|upkeep\n|turn|10\n|\n|t:|1791405422\n|move|p2a: Landorus|Knock Off|p1a: Rillaboom\n|-damage|p1a: Rillaboom|59/100\n|-enditem|p1a: Rillaboom|Choice Band|[from] move: Knock Off|[of] p2a: Landorus\n|move|p1a: Rillaboom|Wood Hammer|p2a: Landorus\n|-damage|p2a: Landorus|3/100\n|-damage|p1a: Rillaboom|27/100|[from] Recoil\n|\n|-heal|p2a: Landorus|9/100|[from] item: Leftovers\n|-heal|p1a: Rillaboom|34/100|[from] Grassy Terrain\n|upkeep\n|turn|11\n|\n|t:|1791405433\n|switch|p2a: Toxica|Slowking-Galar, F, shiny|100/100\n|move|p1a: Rillaboom|U-turn|p2a: Toxica\n|-crit|p2a: Toxica\n|-damage|p2a: Toxica|57/100\n|\n|t:|1791405440\n|switch|p1a: Dragapult|Dragapult, M|91/100|[from] U-turn\n|-damage|p1a: Dragapult|78/100|[from] Stealth Rock\n|\n|-heal|p1a: Dragapult|84/100|[from] Grassy Terrain\n|-heal|p2a: Toxica|63/100|[from] Grassy Terrain\n|upkeep\n|turn|12\n|\n|t:|1791405447\n|move|p1a: Dragapult|Shadow Ball|p2a: Toxica\n|-supereffective|p2a: Toxica\n|-damage|p2a: Toxica|5/100\n|-unboost|p2a: Toxica|spd|1\n|-damage|p1a: Dragapult|75/100|[from] item: Life Orb\n|move|p2a: Toxica|Psyshock|p1a: Dragapult\n|-damage|p1a: Dragapult|36/100\n|\n|-heal|p1a: Dragapult|42/100|[from] Grassy Terrain\n|-heal|p2a: Toxica|11/100|[from] Grassy Terrain\n|upkeep\n|turn|13\n|\n|t:|1791405459\n|move|p1a: Dragapult|Shadow Ball|p2a: Toxica\n|-supereffective|p2a: Toxica\n|-damage|p2a: Toxica|0 fnt\n|faint|p2a: Toxica\n|-damage|p1a: Dragapult|32/100|[from] item: Life Orb\n|\n|-heal|p1a: Dragapult|38/100|[from] Grassy Terrain\n|-fieldend|move: Grassy Terrain\n|upkeep\n|\n|t:|1791405467\n|switch|p2a: Klefki|Klefki, M|100/100\n|turn|14\n|\n|t:|1791405471\n|switch|p1a: Corviknight|Corviknight, F|76/100\n|-damage|p1a: Corviknight|64/100|[from] Stealth Rock\n|-ability|p1a: Corviknight|Pressure\n|move|p2a: Klefki|Thunder Wave|p1a: Corviknight\n|-status|p1a: Corviknight|par\n|\n|upkeep\n|turn|15\n|\n|t:|1791405479\n|switch|p2a: Powny|Keldeo-Resolute|100/100\n|move|p1a: Corviknight|Defog|p2a: Powny\n|-unboost|p2a: Powny|evasion|1\n|-sideend|p1: seanvu|Stealth Rock|[from] move: Defog|[of] p1a: Corviknight\n|\n|upkeep\n|turn|16\n|\n|t:|1791405491\n|move|p2a: Powny|Substitute|p2a: Powny\n|-start|p2a: Powny|Substitute\n|-damage|p2a: Powny|75/100\n|cant|p1a: Corviknight|par\n|\n|-heal|p2a: Powny|82/100|[from] item: Leftovers\n|upkeep\n|turn|17\n|\n|t:|1791405499\n|move|p2a: Powny|Calm Mind|p2a: Powny\n|-boost|p2a: Powny|spa|1\n|-boost|p2a: Powny|spd|1\n|move|p1a: Corviknight|U-turn|p2a: Powny\n|-resisted|p2a: Powny\n|-activate|p2a: Powny|move: Substitute|[damage]\n|\n|t:|1791405502\n|switch|p1a: Dragapult|Dragapult, M|38/100|[from] U-turn\n|\n|-heal|p2a: Powny|88/100|[from] item: Leftovers\n|upkeep\n|turn|18\n|\n|t:|1791405509\n|move|p1a: Dragapult|Thunderbolt|p2a: Powny\n|-supereffective|p2a: Powny\n|-damage|p2a: Powny|28/100\n|-damage|p1a: Dragapult|28/100|[from] item: Life Orb\n|move|p2a: Powny|Calm Mind|p2a: Powny\n|-boost|p2a: Powny|spa|1\n|-boost|p2a: Powny|spd|1\n|\n|-heal|p2a: Powny|35/100|[from] item: Leftovers\n|upkeep\n|turn|19\n|inactive|Infernoss has 120 seconds left.\n|\n|t:|1791405555\n|switch|p2a: Klefki|Klefki, M|100/100\n|move|p1a: Dragapult|Thunderbolt|p2a: Klefki\n|-damage|p2a: Klefki|68/100\n|-status|p2a: Klefki|par\n|-damage|p1a: Dragapult|18/100|[from] item: Life Orb\n|\n|upkeep\n|turn|20\n|\n|t:|1791405573\n|switch|p1a: Heatran|Heatran, F|100/100\n|-item|p1a: Heatran|Air Balloon\n|cant|p2a: Klefki|par\n|\n|upkeep\n|turn|21\n|\n|t:|1791405580\n|move|p2a: Klefki|Reflect|p2a: Klefki\n|-sidestart|p2: Infernoss|Reflect\n|move|p1a: Heatran|Magma Storm|p2a: Klefki\n|-supereffective|p2a: Klefki\n|-damage|p2a: Klefki|0 fnt\n|faint|p2a: Klefki\n|\n|upkeep\n|\n|t:|1791405586\n|switch|p2a: Powny|Keldeo-Resolute|35/100\n|turn|22\n|\n|t:|1791405593\n|move|p2a: Powny|Calm Mind|p2a: Powny\n|-boost|p2a: Powny|spa|1\n|-boost|p2a: Powny|spd|1\n|move|p1a: Heatran|Magma Storm|p2a: Powny\n|-resisted|p2a: Powny\n|-damage|p2a: Powny|15/100\n|-activate|p2a: Powny|move: Magma Storm|[of] p1a: Heatran\n|\n|-heal|p2a: Powny|21/100|[from] item: Leftovers\n|-damage|p2a: Powny|9/100|[from] move: Magma Storm|[partiallytrapped]\n|upkeep\n|turn|23\n|-message|Infernoss forfeited.\n|\n|win|seanvu\n|raw|seanvu's rating: 1298 &rarr; <strong>1328</strong><br />(+30 for winning)\n|raw|Infernoss's rating: 1367 &rarr; <strong>1343</strong><br />(-24 for losing)\n|l|\u2606Infernoss\n|player|p2|\n", "uploadtime": 1791405794, "views": "9", "formatid": "gen8ou", "rating": 1328, "private": 0, "password": null}