{"id": "gen8ou-2688927889", "format": "[Gen 8] OU", "players": ["geo13000", "acendin"], "log": "|j|\u2606geo13000\n|j|\u2606acendin\n|t:|1790554451\n|gametype|singles\n|player|p1|geo13000|gentleman-gen4|1486\n|player|p2|acendin|lucas|1396\n|gen|8\n|tier|[Gen 8] OU\n|rated|\n|rule|HP Percentage Mod: HP is shown in percentages\n|rule|Endless Battle Clause: Forcing endless battles is banned\n|rule|Sleep Clause Mod: Limit one foe put to sleep\n|rule|Species Clause: Limit one of each Pok\u00e9mon\n|rule|OHKO Clause: OHKO moves are banned\n|rule|Evasion Items Clause: Evasion items are banned\n|rule|Evasion Moves Clause: Evasion moves are banned\n|rule|Dynamax Clause: You cannot dynamax\n|clearpoke\n|poke|p1|Slowking, F|\n|poke|p1|Corviknight, F|\n|poke|p1|Zapdos|\n|poke|p1|Toxapex, F|\n|poke|p1|Blissey, F|\n|poke|p1|Gastrodon, F|\n|poke|p2|Slowking-Galar, F|\n|poke|p2|Tornadus-Therian, M|\n|poke|p2|Toxapex, F|\n|poke|p2|Rillaboom, M|\n|poke|p2|Garchomp, F|\n|poke|p2|Heatran, F|\n|teampreview\n|inactive|Battle timer is ON: inactive players will automatically lose when time's up. (requested by acendin)\n|\n|t:|1790554470\n|teamsize|p1|6\n|teamsize|p2|6\n|start\n|switch|p1a: Toxapex|Toxapex, F|100/100\n|switch|p2a: Toxapex|Toxapex, F|100/100\n|turn|1\n|\n|t:|1790554474\n|move|p2a: Toxapex|Knock Off|p1a: Toxapex\n|-damage|p1a: Toxapex|92/100\n|-damage|p2a: Toxapex|84/100|[from] item: Rocky Helmet|[of] p1a: Toxapex\n|-enditem|p1a: Toxapex|Rocky Helmet|[from] move: Knock Off|[of] p2a: Toxapex\n|move|p1a: Toxapex|Knock Off|p2a: Toxapex\n|-damage|p2a: Toxapex|75/100\n|-enditem|p2a: Toxapex|Heavy-Duty Boots|[from] move: Knock Off|[of] p1a: Toxapex\n|\n|upkeep\n|turn|2\n|\n|t:|1790554483\n|move|p2a: Toxapex|Toxic Spikes|p1a: Toxapex\n|-sidestart|p1: geo13000|move: Toxic Spikes\n|move|p1a: Toxapex|Knock Off|p2a: Toxapex\n|-damage|p2a: Toxapex|68/100\n|\n|upkeep\n|turn|3\n|\n|t:|1790554490\n|switch|p1a: Corviknight|Corviknight, F|100/100\n|-ability|p1a: Corviknight|Pressure\n|move|p2a: Toxapex|Scald|p1a: Corviknight\n|-damage|p1a: Corviknight|83/100\n|\n|upkeep\n|turn|4\n|\n|t:|1790554497\n|switch|p1a: Toxapex|Toxapex, F|100/100\n|-sideend|p1: geo13000|move: Toxic Spikes|[of] p1a: Toxapex\n|move|p2a: Toxapex|Scald|p1a: Toxapex\n|-resisted|p1a: Toxapex\n|-damage|p1a: Toxapex|94/100\n|\n|upkeep\n|turn|5\n|\n|t:|1790554504\n|move|p2a: Toxapex|Scald|p1a: Toxapex\n|-resisted|p1a: Toxapex\n|-damage|p1a: Toxapex|87/100\n|move|p1a: Toxapex|Knock Off|p2a: Toxapex\n|-damage|p2a: Toxapex|61/100\n|\n|upkeep\n|turn|6\n|\n|t:|1790554510\n|switch|p1a: Slowking|Slowking, F|100/100\n|move|p2a: Toxapex|Knock Off|p1a: Slowking\n|-supereffective|p1a: Slowking\n|-damage|p1a: Slowking|70/100\n|-enditem|p1a: Slowking|Leftovers|[from] move: Knock Off|[of] p2a: Toxapex\n|\n|upkeep\n|turn|7\n|\n|t:|1790554516\n|switch|p2a: Slowking|Slowking-Galar, F|100/100\n|move|p1a: Slowking|Scald|p2a: Slowking\n|-damage|p2a: Slowking|88/100\n|\n|upkeep\n|turn|8\n|\n|t:|1790554523\n|move|p2a: Slowking|Sludge Bomb|p1a: Slowking\n|-damage|p1a: Slowking|47/100\n|move|p1a: Slowking|Scald|p2a: Slowking\n|-damage|p2a: Slowking|77/100\n|\n|upkeep\n|turn|9\n|\n|t:|1790554530\n|switch|p1a: Toxapex|Toxapex, F|100/100\n|move|p2a: Slowking|Future Sight|p1a: Toxapex\n|-start|p2a: Slowking|move: Future Sight\n|\n|upkeep\n|turn|10\n|\n|t:|1790554542\n|switch|p2a: Toxapex|Toxapex, F|94/100\n|move|p1a: Toxapex|Knock Off|p2a: Toxapex\n|-damage|p2a: Toxapex|88/100\n|\n|upkeep\n|turn|11\n|\n|t:|1790554552\n|switch|p2a: Rillaboom|Rillaboom, M|100/100\n|-fieldstart|move: Grassy Terrain|[from] ability: Grassy Surge|[of] p2a: Rillaboom\n|switch|p1a: Slowking|Slowking, F|80/100\n|\n|-end|p1a: Slowking|move: Future Sight\n|-resisted|p1a: Slowking\n|-damage|p1a: Slowking|66/100\n|-heal|p1a: Slowking|72/100|[from] Grassy Terrain\n|upkeep\n|turn|12\n|\n|t:|1790554562\n|switch|p1a: Corviknight|Corviknight, F|83/100\n|-ability|p1a: Corviknight|Pressure\n|move|p2a: Rillaboom|Knock Off|p1a: Corviknight\n|-damage|p1a: Corviknight|60/100\n|-enditem|p1a: Corviknight|Shed Shell|[from] move: Knock Off|[of] p2a: Rillaboom\n|\n|upkeep\n|turn|13\n|\n|t:|1790554570\n|switch|p2a: Slowking|Slowking-Galar, F|100/100\n|move|p1a: Corviknight|Roost|p1a: Corviknight\n|-heal|p1a: Corviknight|100/100\n|-singleturn|p1a: Corviknight|move: Roost\n|\n|upkeep\n|turn|14\n|\n|t:|1790554576\n|switch|p1a: Slowking|Slowking, F|100/100\n|move|p2a: Slowking|Future Sight|p1a: Slowking\n|-start|p2a: Slowking|move: Future Sight\n|\n|upkeep\n|turn|15\n|\n|t:|1790554582\n|move|p2a: Slowking|Sludge Bomb|p1a: Slowking\n|-damage|p1a: Slowking|76/100\n|move|p1a: Slowking|Scald|p2a: Slowking\n|-damage|p2a: Slowking|88/100\n|-status|p2a: Slowking|brn\n|\n|-heal|p2a: Slowking|94/100 brn|[from] Grassy Terrain\n|-heal|p1a: Slowking|82/100|[from] Grassy Terrain\n|-damage|p2a: Slowking|88/100 brn|[from] brn\n|-fieldend|move: Grassy Terrain\n|upkeep\n|turn|16\n|\n|t:|1790554594\n|move|p2a: Slowking|Sludge Bomb|p1a: Slowking\n|-damage|p1a: Slowking|58/100\n|move|p1a: Slowking|Teleport|p1a: Slowking\n|\n|t:|1790554597\n|switch|p1a: Blissey|Blissey, F|100/100|[from] Teleport\n|\n|-end|p1a: Blissey|move: Future Sight\n|-crit|p1a: Blissey\n|-damage|p1a: Blissey|73/100\n|-heal|p1a: Blissey|79/100|[from] item: Leftovers\n|-damage|p2a: Slowking|82/100 brn|[from] brn\n|upkeep\n|turn|17\n|\n|t:|1790554606\n|switch|p2a: Toxapex|Toxapex, F|100/100\n|move|p1a: Blissey|Stealth Rock|p2a: Toxapex\n|-sidestart|p2: acendin|move: Stealth Rock\n|\n|-heal|p1a: Blissey|85/100|[from] item: Leftovers\n|upkeep\n|turn|18\n|\n|t:|1790554610\n|switch|p1a: Slowking|Slowking, F|91/100\n|move|p2a: Toxapex|Knock Off|p1a: Slowking\n|-supereffective|p1a: Slowking\n|-damage|p1a: Slowking|72/100\n|\n|upkeep\n|turn|19\n|\n|t:|1790554614\n|move|p2a: Toxapex|Toxic Spikes|p1a: Slowking\n|-sidestart|p1: geo13000|move: Toxic Spikes\n|move|p1a: Slowking|Scald|p2a: Toxapex\n|-resisted|p2a: Toxapex\n|-damage|p2a: Toxapex|89/100\n|\n|upkeep\n|turn|20\n|\n|t:|1790554623\n|switch|p2a: Slowking|Slowking-Galar, F|100/100 brn\n|-damage|p2a: Slowking|88/100 brn|[from] Stealth Rock\n|move|p1a: Slowking|Teleport|p1a: Slowking\n|\n|t:|1790554626\n|switch|p1a: Toxapex|Toxapex, F|100/100|[from] Teleport\n|-sideend|p1: geo13000|move: Toxic Spikes|[of] p1a: Toxapex\n|\n|-damage|p2a: Slowking|82/100 brn|[from] brn\n|upkeep\n|turn|21\n|\n|t:|1790554637\n|switch|p2a: Toxapex|Toxapex, F|100/100\n|-damage|p2a: Toxapex|88/100|[from] Stealth Rock\n|move|p1a: Toxapex|Knock Off|p2a: Toxapex\n|-damage|p2a: Toxapex|81/100\n|\n|upkeep\n|turn|22\n|\n|t:|1790554641\n|switch|p1a: Slowking|Slowking, F|100/100\n|move|p2a: Toxapex|Toxic Spikes|p1a: Slowking\n|-sidestart|p1: geo13000|move: Toxic Spikes\n|\n|upkeep\n|turn|23\n|\n|t:|1790554647\n|switch|p2a: Slowking|Slowking-Galar, F|100/100 brn\n|-damage|p2a: Slowking|88/100 brn|[from] Stealth Rock\n|move|p1a: Slowking|Scald|p2a: Slowking\n|-damage|p2a: Slowking|75/100 brn\n|\n|-damage|p2a: Slowking|69/100 brn|[from] brn\n|upkeep\n|turn|24\n|\n|t:|1790554651\n|move|p2a: Slowking|Future Sight|p1a: Slowking\n|-start|p2a: Slowking|move: Future Sight\n|move|p1a: Slowking|Teleport|p1a: Slowking\n|\n|t:|1790554653\n|switch|p1a: Toxapex|Toxapex, F|100/100|[from] Teleport\n|-sideend|p1: geo13000|move: Toxic Spikes|[of] p1a: Toxapex\n|\n|-damage|p2a: Slowking|63/100 brn|[from] brn\n|upkeep\n|turn|25\n|\n|t:|1790554660\n|switch|p1a: Slowking|Slowking, F|100/100\n|switch|p2a: Toxapex|Toxapex, F|100/100\n|-damage|p2a: Toxapex|88/100|[from] Stealth Rock\n|\n|upkeep\n|turn|26\n|\n|t:|1790554668\n|switch|p2a: Slowking|Slowking-Galar, F|96/100 brn\n|-damage|p2a: Slowking|83/100 brn|[from] Stealth Rock\n|move|p1a: Slowking|Scald|p2a: Slowking\n|-damage|p2a: Slowking|72/100 brn\n|\n|-end|p1a: Slowking|move: Future Sight\n|-resisted|p1a: Slowking\n|-damage|p1a: Slowking|86/100\n|-damage|p2a: Slowking|66/100 brn|[from] brn\n|upkeep\n|turn|27\n|\n|t:|1790554673\n|move|p2a: Slowking|Sludge Bomb|p1a: Slowking\n|-damage|p1a: Slowking|62/100\n|move|p1a: Slowking|Scald|p2a: Slowking\n|-damage|p2a: Slowking|54/100 brn\n|\n|-damage|p2a: Slowking|48/100 brn|[from] brn\n|upkeep\n|turn|28\n|\n|t:|1790554677\n|move|p2a: Slowking|Sludge Bomb|p1a: Slowking\n|-damage|p1a: Slowking|40/100\n|move|p1a: Slowking|Dragon Tail|p2a: Slowking\n|-damage|p2a: Slowking|37/100 brn\n|drag|p2a: Rillaboom|Rillaboom, M|100/100\n|-damage|p2a: Rillaboom|88/100|[from] Stealth Rock\n|-fieldstart|move: Grassy Terrain|[from] ability: Grassy Surge|[of] p2a: Rillaboom\n|\n|-heal|p2a: Rillaboom|94/100|[from] Grassy Terrain\n|-heal|p2a: Rillaboom|100/100|[from] item: Leftovers\n|-heal|p1a: Slowking|47/100|[from] Grassy Terrain\n|upkeep\n|turn|29\n|\n|t:|1790554686\n|switch|p2a: Tornadus|Tornadus-Therian, M|100/100\n|switch|p1a: Corviknight|Corviknight, F|100/100\n|-ability|p1a: Corviknight|Pressure\n|\n|upkeep\n|turn|30\n|\n|t:|1790554694\n|move|p2a: Tornadus|Defog|p1a: Corviknight\n|-unboost|p1a: Corviknight|evasion|1\n|-sideend|p2: acendin|Stealth Rock|[from] move: Defog|[of] p2a: Tornadus\n|-fieldend|move: Grassy Terrain\n|move|p1a: Corviknight|Iron Defense|p1a: Corviknight\n|-boost|p1a: Corviknight|def|2\n|\n|upkeep\n|turn|31\n|\n|t:|1790554701\n|move|p2a: Tornadus|Heat Wave|p1a: Corviknight\n|-supereffective|p1a: Corviknight\n|-damage|p1a: Corviknight|53/100\n|move|p1a: Corviknight|Body Press|p2a: Tornadus\n|-resisted|p2a: Tornadus\n|-damage|p2a: Tornadus|75/100\n|\n|upkeep\n|turn|32\n|\n|t:|1790554707\n|move|p2a: Tornadus|Heat Wave|p1a: Corviknight\n|-supereffective|p1a: Corviknight\n|-damage|p1a: Corviknight|6/100\n|move|p1a: Corviknight|Roost|p1a: Corviknight\n|-heal|p1a: Corviknight|56/100\n|-singleturn|p1a: Corviknight|move: Roost\n|\n|upkeep\n|turn|33\n|\n|t:|1790554713\n|move|p2a: Tornadus|Heat Wave|p1a: Corviknight\n|-supereffective|p1a: Corviknight\n|-damage|p1a: Corviknight|6/100\n|move|p1a: Corviknight|Roost|p1a: Corviknight\n|-heal|p1a: Corviknight|56/100\n|-singleturn|p1a: Corviknight|move: Roost\n|\n|upkeep\n|turn|34\n|\n|t:|1790554721\n|move|p2a: Tornadus|Heat Wave|p1a: Corviknight\n|-supereffective|p1a: Corviknight\n|-damage|p1a: Corviknight|13/100\n|move|p1a: Corviknight|Roost|p1a: Corviknight\n|-heal|p1a: Corviknight|63/100\n|-singleturn|p1a: Corviknight|move: Roost\n|\n|upkeep\n|turn|35\n|\n|t:|1790554725\n|switch|p1a: Toxapex|Toxapex, F|100/100\n|move|p2a: Tornadus|U-turn|p1a: Toxapex\n|-resisted|p1a: Toxapex\n|-damage|p1a: Toxapex|96/100\n|\n|t:|1790554744\n|switch|p2a: Toxapex|Toxapex, F|100/100|[from] U-turn\n|\n|upkeep\n|turn|36\n|\n|t:|1790554751\n|switch|p1a: Slowking|Slowking, F|80/100\n|move|p2a: Toxapex|Toxic Spikes|p1a: Slowking\n|-sidestart|p1: geo13000|move: Toxic Spikes\n|\n|upkeep\n|turn|37\n|\n|t:|1790554760\n|switch|p2a: Slowking|Slowking-Galar, F|70/100 brn\n|move|p1a: Slowking|Scald|p2a: Slowking\n|-damage|p2a: Slowking|59/100 brn\n|\n|-damage|p2a: Slowking|53/100 brn|[from] brn\n|upkeep\n|turn|38\n|\n|t:|1790554774\n|switch|p1a: Corviknight|Corviknight, F|63/100\n|-ability|p1a: Corviknight|Pressure\n|move|p2a: Slowking|Sludge Bomb|p1a: Corviknight\n|-immune|p1a: Corviknight\n|\n|-damage|p2a: Slowking|47/100 brn|[from] brn\n|upkeep\n|turn|39\n|\n|t:|1790554781\n|switch|p1a: Toxapex|Toxapex, F|100/100\n|-sideend|p1: geo13000|move: Toxic Spikes|[of] p1a: Toxapex\n|move|p2a: Slowking|Flamethrower|p1a: Toxapex\n|-resisted|p1a: Toxapex\n|-damage|p1a: Toxapex|91/100\n|\n|-damage|p2a: Slowking|41/100 brn|[from] brn\n|upkeep\n|turn|40\n|\n|t:|1790554786\n|switch|p1a: Slowking|Slowking, F|100/100\n|switch|p2a: Toxapex|Toxapex, F|100/100\n|\n|upkeep\n|turn|41\n|\n|t:|1790554795\n|switch|p2a: Slowking|Slowking-Galar, F|74/100 brn\n|move|p1a: Slowking|Teleport|p1a: Slowking\n|\n|t:|1790554800\n|switch|p1a: Blissey|Blissey, F|85/100|[from] Teleport\n|\n|-heal|p1a: Blissey|91/100|[from] item: Leftovers\n|-damage|p2a: Slowking|68/100 brn|[from] brn\n|upkeep\n|turn|42\n|\n|t:|1790554813\n|move|p1a: Blissey|Stealth Rock|p2a: Slowking\n|-sidestart|p2: acendin|move: Stealth Rock\n|move|p2a: Slowking|Future Sight|p1a: Blissey\n|-start|p2a: Slowking|move: Future Sight\n|\n|-heal|p1a: Blissey|98/100|[from] item: Leftovers\n|-damage|p2a: Slowking|62/100 brn|[from] brn\n|upkeep\n|turn|43\n|\n|t:|1790554823\n|switch|p1a: Slowking|Slowking, F|100/100\n|move|p2a: Slowking|Flamethrower|p1a: Slowking\n|-resisted|p1a: Slowking\n|-damage|p1a: Slowking|93/100\n|\n|-damage|p2a: Slowking|56/100 brn|[from] brn\n|upkeep\n|turn|44\n|\n|t:|1790554832\n|switch|p2a: Toxapex|Toxapex, F|100/100\n|-damage|p2a: Toxapex|88/100|[from] Stealth Rock\n|move|p1a: Slowking|Teleport|p1a: Slowking\n|\n|t:|1790554839\n|switch|p1a: Blissey|Blissey, F|98/100|[from] Teleport\n|\n|-end|p1a: Blissey|move: Future Sight\n|-damage|p1a: Blissey|80/100\n|-heal|p1a: Blissey|86/100|[from] item: Leftovers\n|upkeep\n|turn|45\n|\n|t:|1790554847\n|switch|p1a: Toxapex|Toxapex, F|100/100\n|move|p2a: Toxapex|Knock Off|p1a: Toxapex\n|-damage|p1a: Toxapex|95/100\n|\n|upkeep\n|turn|46\n|\n|t:|1790554850\n|switch|p1a: Slowking|Slowking, F|100/100\n|move|p2a: Toxapex|Toxic Spikes|p1a: Slowking\n|-sidestart|p1: geo13000|move: Toxic Spikes\n|\n|upkeep\n|turn|47\n|\n|t:|1790554857\n|switch|p2a: Slowking|Slowking-Galar, F|89/100 brn\n|-damage|p2a: Slowking|77/100 brn|[from] Stealth Rock\n|switch|p1a: Toxapex|Toxapex, F|100/100\n|-sideend|p1: geo13000|move: Toxic Spikes|[of] p1a: Toxapex\n|\n|-damage|p2a: Slowking|70/100 brn|[from] brn\n|upkeep\n|turn|48\n|\n|t:|1790554865\n|switch|p1a: Blissey|Blissey, F|86/100\n|switch|p2a: Toxapex|Toxapex, F|100/100\n|-damage|p2a: Toxapex|88/100|[from] Stealth Rock\n|\n|-heal|p1a: Blissey|93/100|[from] item: Leftovers\n|upkeep\n|turn|49\n|\n|t:|1790554869\n|switch|p1a: Slowking|Slowking, F|100/100\n|move|p2a: Toxapex|Knock Off|p1a: Slowking\n|-supereffective|p1a: Slowking\n|-damage|p1a: Slowking|82/100\n|\n|upkeep\n|turn|50\n|\n|t:|1790554873\n|switch|p2a: Slowking|Slowking-Galar, F|100/100 brn\n|-damage|p2a: Slowking|88/100 brn|[from] Stealth Rock\n|move|p1a: Slowking|Teleport|p1a: Slowking\n|\n|t:|1790554880\n|switch|p1a: Gastrodon|Gastrodon, F|100/100|[from] Teleport\n|\n|-damage|p2a: Slowking|82/100 brn|[from] brn\n|upkeep\n|turn|51\n|\n|t:|1790554895\n|switch|p2a: Tornadus|Tornadus-Therian, M|100/100\n|move|p1a: Gastrodon|Earthquake|p2a: Tornadus\n|-immune|p2a: Tornadus\n|\n|upkeep\n|turn|52\n|\n|t:|1790554903\n|switch|p1a: Zapdos|Zapdos|100/100\n|-ability|p1a: Zapdos|Pressure\n|move|p2a: Tornadus|U-turn|p1a: Zapdos\n|-resisted|p1a: Zapdos\n|-damage|p1a: Zapdos|95/100\n|\n|t:|1790554908\n|switch|p2a: Garchomp|Garchomp, F|100/100|[from] U-turn\n|-damage|p2a: Garchomp|94/100|[from] Stealth Rock\n|\n|-heal|p2a: Garchomp|100/100|[from] item: Leftovers\n|-heal|p1a: Zapdos|100/100|[from] item: Leftovers\n|upkeep\n|turn|53\n|\n|t:|1790554916\n|switch|p1a: Corviknight|Corviknight, F|63/100\n|-ability|p1a: Corviknight|Pressure\n|move|p2a: Garchomp|Toxic|p1a: Corviknight\n|-immune|p1a: Corviknight\n|\n|upkeep\n|turn|54\n|\n|t:|1790554921\n|move|p2a: Garchomp|Stealth Rock|p1a: Corviknight\n|-sidestart|p1: geo13000|move: Stealth Rock\n|move|p1a: Corviknight|Roost|p1a: Corviknight\n|-heal|p1a: Corviknight|100/100\n|-singleturn|p1a: Corviknight|move: Roost\n|\n|upkeep\n|turn|55\n|\n|t:|1790554924\n|switch|p2a: Toxapex|Toxapex, F|100/100\n|-damage|p2a: Toxapex|88/100|[from] Stealth Rock\n|move|p1a: Corviknight|Defog|p2a: Toxapex\n|-unboost|p2a: Toxapex|evasion|1\n|-sideend|p2: acendin|Stealth Rock|[from] move: Defog|[of] p1a: Corviknight\n|-sideend|p1: geo13000|Stealth Rock|[from] move: Defog|[of] p1a: Corviknight\n|\n|upkeep\n|turn|56\n|\n|t:|1790554927\n|switch|p1a: Slowking|Slowking, F|100/100\n|move|p2a: Toxapex|Scald|p1a: Slowking\n|-resisted|p1a: Slowking\n|-damage|p1a: Slowking|96/100\n|-status|p1a: Slowking|brn\n|\n|-damage|p1a: Slowking|90/100 brn|[from] brn\n|upkeep\n|turn|57\n|\n|t:|1790554948\n|move|p2a: Toxapex|Knock Off|p1a: Slowking\n|-supereffective|p1a: Slowking\n|-damage|p1a: Slowking|69/100 brn\n|move|p1a: Slowking|Teleport|p1a: Slowking\n|\n|t:|1790554953\n|switch|p1a: Blissey|Blissey, F|93/100|[from] Teleport\n|\n|-heal|p1a: Blissey|99/100|[from] item: Leftovers\n|upkeep\n|turn|58\n|\n|t:|1790554956\n|switch|p1a: Slowking|Slowking, F|100/100 brn\n|move|p2a: Toxapex|Knock Off|p1a: Slowking\n|-supereffective|p1a: Slowking\n|-damage|p1a: Slowking|82/100 brn\n|\n|-damage|p1a: Slowking|76/100 brn|[from] brn\n|upkeep\n|turn|59\n|\n|t:|1790554963\n|move|p2a: Toxapex|Knock Off|p1a: Slowking\n|-supereffective|p1a: Slowking\n|-damage|p1a: Slowking|57/100 brn\n|move|p1a: Slowking|Scald|p2a: Toxapex\n|-resisted|p2a: Toxapex\n|-damage|p2a: Toxapex|77/100\n|\n|-damage|p1a: Slowking|51/100 brn|[from] brn\n|upkeep\n|turn|60\n|\n|t:|1790554967\n|switch|p2a: Slowking|Slowking-Galar, F|100/100 brn\n|move|p1a: Slowking|Slack Off|p1a: Slowking\n|-heal|p1a: Slowking|100/100 brn\n|\n|-damage|p2a: Slowking|94/100 brn|[from] brn\n|-damage|p1a: Slowking|94/100 brn|[from] brn\n|upkeep\n|turn|61\n|\n|t:|1790554983\n|switch|p1a: Gastrodon|Gastrodon, F|100/100\n|move|p2a: Slowking|Future Sight|p1a: Gastrodon\n|-start|p2a: Slowking|move: Future Sight\n|\n|-damage|p2a: Slowking|88/100 brn|[from] brn\n|upkeep\n|turn|62\n|\n|t:|1790554991\n|switch|p1a: Slowking|Slowking, F|100/100 brn\n|move|p2a: Slowking|Ice Beam|p1a: Slowking\n|-resisted|p1a: Slowking\n|-damage|p1a: Slowking|93/100 brn\n|\n|-damage|p2a: Slowking|82/100 brn|[from] brn\n|-damage|p1a: Slowking|87/100 brn|[from] brn\n|upkeep\n|turn|63\n|\n|t:|1790555002\n|switch|p2a: Toxapex|Toxapex, F|100/100\n|move|p1a: Slowking|Dragon Tail|p2a: Toxapex\n|-damage|p2a: Toxapex|97/100\n|drag|p2a: Garchomp|Garchomp, F|100/100\n|\n|-end|p1a: Slowking|move: Future Sight\n|-resisted|p1a: Slowking\n|-damage|p1a: Slowking|72/100 brn\n|-damage|p1a: Slowking|66/100 brn|[from] brn\n|upkeep\n|turn|64\n|\n|t:|1790555010\n|switch|p1a: Corviknight|Corviknight, F|100/100\n|-ability|p1a: Corviknight|Pressure\n|move|p2a: Garchomp|Stealth Rock|p1a: Corviknight\n|-sidestart|p1: geo13000|move: Stealth Rock\n|\n|upkeep\n|turn|65\n|\n|t:|1790555016\n|switch|p2a: Heatran|Heatran, F|100/100\n|move|p1a: Corviknight|Defog|p2a: Heatran\n|-unboost|p2a: Heatran|evasion|1\n|-sideend|p1: geo13000|Stealth Rock|[from] move: Defog|[of] p1a: Corviknight\n|\n|upkeep\n|turn|66\n|\n|t:|1790555023\n|switch|p1a: Slowking|Slowking, F|99/100 brn\n|move|p2a: Heatran|Magma Storm|p1a: Slowking\n|-resisted|p1a: Slowking\n|-damage|p1a: Slowking|85/100 brn\n|-activate|p1a: Slowking|move: Magma Storm|[of] p2a: Heatran\n|\n|-damage|p1a: Slowking|79/100 brn|[from] brn\n|-damage|p1a: Slowking|66/100 brn|[from] move: Magma Storm|[partiallytrapped]\n|upkeep\n|turn|67\n|\n|t:|1790555029\n|move|p2a: Heatran|Earth Power|p1a: Slowking\n|-damage|p1a: Slowking|51/100 brn\n|move|p1a: Slowking|Dragon Tail|p2a: Heatran\n|-resisted|p2a: Heatran\n|-damage|p2a: Heatran|99/100\n|drag|p2a: Garchomp|Garchomp, F|100/100\n|\n|-damage|p1a: Slowking|45/100 brn|[from] brn\n|-end|p1a: Slowking|Magma Storm|[partiallytrapped]|[silent]\n|upkeep\n|turn|68\n|\n|t:|1790555045\n|switch|p1a: Corviknight|Corviknight, F|100/100\n|-ability|p1a: Corviknight|Pressure\n|move|p2a: Garchomp|Stealth Rock|p1a: Corviknight\n|-sidestart|p1: geo13000|move: Stealth Rock\n|\n|upkeep\n|turn|69\n|\n|t:|1790555051\n|switch|p2a: Toxapex|Toxapex, F|100/100\n|move|p1a: Corviknight|Defog|p2a: Toxapex\n|-unboost|p2a: Toxapex|evasion|1\n|-sideend|p1: geo13000|Stealth Rock|[from] move: Defog|[of] p1a: Corviknight\n|\n|upkeep\n|turn|70\n|\n|t:|1790555054\n|switch|p1a: Slowking|Slowking, F|78/100 brn\n|move|p2a: Toxapex|Scald|p1a: Slowking\n|-resisted|p1a: Slowking\n|-damage|p1a: Slowking|73/100 brn\n|\n|-damage|p1a: Slowking|67/100 brn|[from] brn\n|upkeep\n|turn|71\n|\n|t:|1790555063\n|switch|p2a: Slowking|Slowking-Galar, F|100/100 brn\n|move|p1a: Slowking|Teleport|p1a: Slowking\n|\n|t:|1790555066\n|switch|p1a: Blissey|Blissey, F|99/100|[from] Teleport\n|\n|-heal|p1a: Blissey|100/100|[from] item: Leftovers\n|-damage|p2a: Slowking|94/100 brn|[from] brn\n|upkeep\n|turn|72\n|\n|t:|1790555071\n|switch|p2a: Toxapex|Toxapex, F|100/100\n|move|p1a: Blissey|Stealth Rock|p2a: Toxapex\n|-sidestart|p2: acendin|move: Stealth Rock\n|\n|upkeep\n|turn|73\n|\n|t:|1790555075\n|switch|p1a: Slowking|Slowking, F|99/100 brn\n|move|p2a: Toxapex|Knock Off|p1a: Slowking\n|-supereffective|p1a: Slowking\n|-damage|p1a: Slowking|80/100 brn\n|\n|-damage|p1a: Slowking|74/100 brn|[from] brn\n|upkeep\n|turn|74\n|\n|t:|1790555080\n|move|p2a: Toxapex|Knock Off|p1a: Slowking\n|-supereffective|p1a: Slowking\n|-damage|p1a: Slowking|56/100 brn\n|move|p1a: Slowking|Dragon Tail|p2a: Toxapex\n|-damage|p2a: Toxapex|97/100\n|drag|p2a: Slowking|Slowking-Galar, F|100/100 brn\n|-damage|p2a: Slowking|88/100 brn|[from] Stealth Rock\n|\n|-damage|p2a: Slowking|82/100 brn|[from] brn\n|-damage|p1a: Slowking|50/100 brn|[from] brn\n|upkeep\n|turn|75\n|\n|t:|1790555091\n|move|p2a: Slowking|Future Sight|p1a: Slowking\n|-start|p2a: Slowking|move: Future Sight\n|move|p1a: Slowking|Slack Off|p1a: Slowking\n|-heal|p1a: Slowking|99/100 brn\n|\n|-damage|p2a: Slowking|76/100 brn|[from] brn\n|-damage|p1a: Slowking|93/100 brn|[from] brn\n|upkeep\n|turn|76\n|inactive|acendin has 120 seconds left.\n|\n|t:|1790555126\n|switch|p2a: Toxapex|Toxapex, F|100/100\n|-damage|p2a: Toxapex|88/100|[from] Stealth Rock\n|move|p1a: Slowking|Scald|p2a: Toxapex\n|-resisted|p2a: Toxapex\n|-damage|p2a: Toxapex|77/100\n|\n|-damage|p1a: Slowking|87/100 brn|[from] brn\n|upkeep\n|turn|77\n|inactive|acendin has 120 seconds left.\n|\n|t:|1790555139\n|move|p2a: Toxapex|Knock Off|p1a: Slowking\n|-supereffective|p1a: Slowking\n|-damage|p1a: Slowking|68/100 brn\n|move|p1a: Slowking|Dragon Tail|p2a: Toxapex\n|-damage|p2a: Toxapex|74/100\n|drag|p2a: Slowking|Slowking-Galar, F|100/100 brn\n|-damage|p2a: Slowking|88/100 brn|[from] Stealth Rock\n|\n|-end|p1a: Slowking|move: Future Sight\n|-resisted|p1a: Slowking\n|-damage|p1a: Slowking|54/100 brn\n|-damage|p2a: Slowking|82/100 brn|[from] brn\n|-damage|p1a: Slowking|48/100 brn|[from] brn\n|upkeep\n|turn|78\n|\n|t:|1790555153\n|switch|p2a: Rillaboom|Rillaboom, M|100/100\n|-damage|p2a: Rillaboom|88/100|[from] Stealth Rock\n|-fieldstart|move: Grassy Terrain|[from] ability: Grassy Surge|[of] p2a: Rillaboom\n|switch|p1a: Blissey|Blissey, F|100/100\n|\n|-heal|p2a: Rillaboom|94/100|[from] Grassy Terrain\n|-heal|p2a: Rillaboom|100/100|[from] item: Leftovers\n|upkeep\n|turn|79\n|l|\u2606geo13000\n|inactive|geo13000 disconnected and has a minute to reconnect!\n|player|p1|\n|inactive|geo13000 has 30 seconds to reconnect!\n|inactive|geo13000 has 20 seconds to reconnect!\n|j|\u2606geo13000\n|inactive|geo13000 reconnected and has 95 seconds left.\n|player|p1|geo13000|gentleman-gen4|\n|inactive|geo13000 has 90 seconds left.\n|\n|t:|1790555213\n|switch|p1a: Corviknight|Corviknight, F|100/100\n|-ability|p1a: Corviknight|Pressure\n|move|p2a: Rillaboom|Superpower|p1a: Corviknight\n|-damage|p1a: Corviknight|76/100\n|-unboost|p2a: Rillaboom|atk|1\n|-unboost|p2a: Rillaboom|def|1\n|\n|upkeep\n|turn|80\n|\n|t:|1790555220\n|switch|p2a: Tornadus|Tornadus-Therian, M|100/100\n|move|p1a: Corviknight|Iron Defense|p1a: Corviknight\n|-boost|p1a: Corviknight|def|2\n|\n|upkeep\n|turn|81\n|\n|t:|1790555224\n|switch|p1a: Zapdos|Zapdos|100/100\n|-ability|p1a: Zapdos|Pressure\n|move|p2a: Tornadus|Defog|p1a: Zapdos\n|-unboost|p1a: Zapdos|evasion|1\n|-sideend|p2: acendin|Stealth Rock|[from] move: Defog|[of] p2a: Tornadus\n|-fieldend|move: Grassy Terrain\n|\n|upkeep\n|turn|82\n|\n|t:|1790555230\n|switch|p2a: Slowking|Slowking-Galar, F|100/100 brn\n|move|p1a: Zapdos|Heat Wave|p2a: Slowking\n|-damage|p2a: Slowking|89/100 brn\n|\n|-damage|p2a: Slowking|83/100 brn|[from] brn\n|upkeep\n|turn|83\n|inactive|geo13000 has 120 seconds left.\n|\n|t:|1790555241\n|switch|p1a: Blissey|Blissey, F|100/100\n|move|p2a: Slowking|Ice Beam|p1a: Blissey\n|-damage|p1a: Blissey|92/100\n|\n|-heal|p1a: Blissey|98/100|[from] item: Leftovers\n|-damage|p2a: Slowking|77/100 brn|[from] brn\n|upkeep\n|turn|84\n|\n|t:|1790555247\n|switch|p2a: Toxapex|Toxapex, F|100/100\n|move|p1a: Blissey|Stealth Rock|p2a: Toxapex\n|-sidestart|p2: acendin|move: Stealth Rock\n|\n|-heal|p1a: Blissey|100/100|[from] item: Leftovers\n|upkeep\n|turn|85\n|\n|t:|1790555255\n|switch|p1a: Slowking|Slowking, F|81/100 brn\n|switch|p2a: Rillaboom|Rillaboom, M|100/100\n|-damage|p2a: Rillaboom|88/100|[from] Stealth Rock\n|-fieldstart|move: Grassy Terrain|[from] ability: Grassy Surge|[of] p2a: Rillaboom\n|\n|-heal|p2a: Rillaboom|94/100|[from] Grassy Terrain\n|-heal|p2a: Rillaboom|100/100|[from] item: Leftovers\n|-heal|p1a: Slowking|87/100 brn|[from] Grassy Terrain\n|-damage|p1a: Slowking|81/100 brn|[from] brn\n|upkeep\n|turn|86\n|\n|t:|1790555264\n|switch|p1a: Corviknight|Corviknight, F|76/100\n|-ability|p1a: Corviknight|Pressure\n|move|p2a: Rillaboom|Knock Off|p1a: Corviknight\n|-damage|p1a: Corviknight|61/100\n|\n|upkeep\n|turn|87\n|\n|t:|1790555269\n|switch|p2a: Tornadus|Tornadus-Therian, M|100/100\n|move|p1a: Corviknight|Roost|p1a: Corviknight\n|-heal|p1a: Corviknight|100/100\n|-singleturn|p1a: Corviknight|move: Roost\n|\n|upkeep\n|turn|88\n|\n|t:|1790555273\n|switch|p1a: Zapdos|Zapdos|100/100\n|-ability|p1a: Zapdos|Pressure\n|move|p2a: Tornadus|Defog|p1a: Zapdos\n|-unboost|p1a: Zapdos|evasion|1\n|-sideend|p2: acendin|Stealth Rock|[from] move: Defog|[of] p2a: Tornadus\n|-fieldend|move: Grassy Terrain\n|\n|upkeep\n|turn|89\n|\n|t:|1790555280\n|switch|p2a: Slowking|Slowking-Galar, F|100/100 brn\n|switch|p1a: Blissey|Blissey, F|100/100\n|\n|-damage|p2a: Slowking|94/100 brn|[from] brn\n|upkeep\n|turn|90\n|\n|t:|1790555286\n|switch|p2a: Toxapex|Toxapex, F|100/100\n|move|p1a: Blissey|Stealth Rock|p2a: Toxapex\n|-sidestart|p2: acendin|move: Stealth Rock\n|\n|upkeep\n|turn|91\n|\n|t:|1790555295\n|switch|p1a: Slowking|Slowking, F|100/100 brn\n|move|p2a: Toxapex|Knock Off|p1a: Slowking\n|-supereffective|p1a: Slowking\n|-damage|p1a: Slowking|80/100 brn\n|\n|-damage|p1a: Slowking|74/100 brn|[from] brn\n|upkeep\n|turn|92\n|\n|t:|1790555304\n|switch|p1a: Toxapex|Toxapex, F|100/100\n|move|p2a: Toxapex|Knock Off|p1a: Toxapex\n|-damage|p1a: Toxapex|95/100\n|\n|upkeep\n|turn|93\n|\n|t:|1790555308\n|switch|p1a: Slowking|Slowking, F|100/100 brn\n|move|p2a: Toxapex|Toxic Spikes|p1a: Slowking\n|-sidestart|p1: geo13000|move: Toxic Spikes\n|\n|-damage|p1a: Slowking|94/100 brn|[from] brn\n|upkeep\n|turn|94\n|\n|t:|1790555315\n|switch|p2a: Slowking|Slowking-Galar, F|100/100 brn\n|-damage|p2a: Slowking|88/100 brn|[from] Stealth Rock\n|move|p1a: Slowking|Teleport|p1a: Slowking\n|\n|t:|1790555317\n|switch|p1a: Toxapex|Toxapex, F|100/100|[from] Teleport\n|-sideend|p1: geo13000|move: Toxic Spikes|[of] p1a: Toxapex\n|\n|-damage|p2a: Slowking|82/100 brn|[from] brn\n|upkeep\n|turn|95\n|\n|t:|1790555322\n|move|p1a: Toxapex|Knock Off|p2a: Slowking\n|-supereffective|p2a: Slowking\n|-damage|p2a: Slowking|52/100 brn\n|-enditem|p2a: Slowking|Assault Vest|[from] move: Knock Off|[of] p1a: Toxapex\n|move|p2a: Slowking|Future Sight|p1a: Toxapex\n|-start|p2a: Slowking|move: Future Sight\n|\n|-damage|p2a: Slowking|46/100 brn|[from] brn\n|upkeep\n|turn|96\n|\n|t:|1790555331\n|switch|p2a: Toxapex|Toxapex, F|100/100\n|-damage|p2a: Toxapex|88/100|[from] Stealth Rock\n|move|p1a: Toxapex|Knock Off|p2a: Toxapex\n|-damage|p2a: Toxapex|81/100\n|\n|upkeep\n|turn|97\n|\n|t:|1790555343\n|switch|p2a: Rillaboom|Rillaboom, M|100/100\n|-damage|p2a: Rillaboom|88/100|[from] Stealth Rock\n|-fieldstart|move: Grassy Terrain|[from] ability: Grassy Surge|[of] p2a: Rillaboom\n|switch|p1a: Slowking|Slowking, F|100/100 brn\n|\n|-end|p1a: Slowking|move: Future Sight\n|-resisted|p1a: Slowking\n|-damage|p1a: Slowking|87/100 brn\n|-heal|p2a: Rillaboom|94/100|[from] Grassy Terrain\n|-heal|p2a: Rillaboom|100/100|[from] item: Leftovers\n|-heal|p1a: Slowking|93/100 brn|[from] Grassy Terrain\n|-damage|p1a: Slowking|87/100 brn|[from] brn\n|upkeep\n|turn|98\n|\n|t:|1790555348\n|switch|p2a: Tornadus|Tornadus-Therian, M|100/100\n|switch|p1a: Corviknight|Corviknight, F|100/100\n|-ability|p1a: Corviknight|Pressure\n|\n|upkeep\n|turn|99\n|\n|t:|1790555353\n|switch|p1a: Zapdos|Zapdos|100/100\n|-ability|p1a: Zapdos|Pressure\n|move|p2a: Tornadus|Knock Off|p1a: Zapdos\n|-damage|p1a: Zapdos|87/100\n|-enditem|p1a: Zapdos|Leftovers|[from] move: Knock Off|[of] p2a: Tornadus\n|\n|upkeep\n|turn|100\n|\n|t:|1790555363\n|move|p2a: Tornadus|U-turn|p1a: Zapdos\n|-resisted|p1a: Zapdos\n|-damage|p1a: Zapdos|82/100\n|\n|t:|1790555366\n|switch|p2a: Slowking|Slowking-Galar, F|80/100 brn|[from] U-turn\n|-damage|p2a: Slowking|67/100 brn|[from] Stealth Rock\n|move|p1a: Zapdos|Discharge|p2a: Slowking\n|-damage|p2a: Slowking|44/100 brn\n|\n|-heal|p2a: Slowking|50/100 brn|[from] Grassy Terrain\n|-damage|p2a: Slowking|44/100 brn|[from] brn\n|upkeep\n|turn|101\n|\n|t:|1790555380\n|move|p1a: Zapdos|Discharge|p2a: Slowking\n|-damage|p2a: Slowking|21/100 brn\n|move|p2a: Slowking|Ice Beam|p1a: Zapdos\n|-supereffective|p1a: Zapdos\n|-crit|p1a: Zapdos\n|-damage|p1a: Zapdos|14/100\n|\n|-heal|p2a: Slowking|27/100 brn|[from] Grassy Terrain\n|-damage|p2a: Slowking|21/100 brn|[from] brn\n|-fieldend|move: Grassy Terrain\n|upkeep\n|turn|102\n|\n|t:|1790555387\n|switch|p2a: Garchomp|Garchomp, F|100/100\n|-damage|p2a: Garchomp|94/100|[from] Stealth Rock\n|move|p1a: Zapdos|Roost|p1a: Zapdos\n|-heal|p1a: Zapdos|64/100\n|-singleturn|p1a: Zapdos|move: Roost\n|\n|-heal|p2a: Garchomp|100/100|[from] item: Leftovers\n|upkeep\n|turn|103\n|\n|t:|1790555392\n|switch|p1a: Corviknight|Corviknight, F|100/100\n|-ability|p1a: Corviknight|Pressure\n|move|p2a: Garchomp|Toxic|p1a: Corviknight\n|-immune|p1a: Corviknight\n|\n|upkeep\n|turn|104\n|\n|t:|1790555396\n|switch|p2a: Tornadus|Tornadus-Therian, M|100/100\n|move|p1a: Corviknight|Iron Defense|p1a: Corviknight\n|-boost|p1a: Corviknight|def|2\n|\n|upkeep\n|turn|105\n|\n|t:|1790555400\n|switch|p1a: Zapdos|Zapdos|64/100\n|-ability|p1a: Zapdos|Pressure\n|move|p2a: Tornadus|Defog|p1a: Zapdos\n|-unboost|p1a: Zapdos|evasion|1\n|-sideend|p2: acendin|Stealth Rock|[from] move: Defog|[of] p2a: Tornadus\n|\n|upkeep\n|turn|106\n|\n|t:|1790555407\n|move|p2a: Tornadus|U-turn|p1a: Zapdos\n|-resisted|p1a: Zapdos\n|-damage|p1a: Zapdos|59/100\n|\n|t:|1790555408\n|switch|p2a: Garchomp|Garchomp, F|100/100|[from] U-turn\n|move|p1a: Zapdos|Roost|p1a: Zapdos\n|-heal|p1a: Zapdos|100/100\n|-singleturn|p1a: Zapdos|move: Roost\n|\n|upkeep\n|turn|107\n|\n|t:|1790555411\n|switch|p1a: Corviknight|Corviknight, F|100/100\n|-ability|p1a: Corviknight|Pressure\n|move|p2a: Garchomp|Toxic|p1a: Corviknight\n|-immune|p1a: Corviknight\n|\n|upkeep\n|turn|108\n|\n|t:|1790555416\n|switch|p2a: Toxapex|Toxapex, F|100/100\n|move|p1a: Corviknight|Iron Defense|p1a: Corviknight\n|-boost|p1a: Corviknight|def|2\n|\n|upkeep\n|turn|109\n|\n|t:|1790555420\n|switch|p1a: Slowking|Slowking, F|100/100 brn\n|move|p2a: Toxapex|Scald|p1a: Slowking\n|-resisted|p1a: Slowking\n|-damage|p1a: Slowking|96/100 brn\n|\n|-damage|p1a: Slowking|89/100 brn|[from] brn\n|upkeep\n|turn|110\n|\n|t:|1790555429\n|switch|p2a: Tornadus|Tornadus-Therian, M|100/100\n|move|p1a: Slowking|Teleport|p1a: Slowking\n|\n|t:|1790555434\n|switch|p1a: Corviknight|Corviknight, F|100/100|[from] Teleport\n|-ability|p1a: Corviknight|Pressure\n|\n|upkeep\n|turn|111\n|\n|t:|1790555441\n|switch|p1a: Gastrodon|Gastrodon, F|100/100\n|move|p2a: Tornadus|U-turn|p1a: Gastrodon\n|-damage|p1a: Gastrodon|90/100\n|\n|t:|1790555449\n|switch|p2a: Rillaboom|Rillaboom, M|100/100|[from] U-turn\n|-fieldstart|move: Grassy Terrain|[from] ability: Grassy Surge|[of] p2a: Rillaboom\n|\n|-heal|p1a: Gastrodon|96/100|[from] Grassy Terrain\n|-heal|p1a: Gastrodon|100/100|[from] item: Leftovers\n|upkeep\n|turn|112\n|\n|t:|1790555453\n|switch|p1a: Corviknight|Corviknight, F|100/100\n|-ability|p1a: Corviknight|Pressure\n|move|p2a: Rillaboom|Grassy Glide|p1a: Corviknight\n|-resisted|p1a: Corviknight\n|-damage|p1a: Corviknight|93/100\n|\n|upkeep\n|turn|113\n|\n|t:|1790555458\n|switch|p2a: Toxapex|Toxapex, F|100/100\n|switch|p1a: Toxapex|Toxapex, F|100/100\n|\n|upkeep\n|turn|114\n|\n|t:|1790555463\n|switch|p1a: Slowking|Slowking, F|100/100 brn\n|move|p2a: Toxapex|Toxic Spikes|p1a: Slowking\n|-sidestart|p1: geo13000|move: Toxic Spikes\n|\n|-damage|p1a: Slowking|94/100 brn|[from] brn\n|upkeep\n|turn|115\n|\n|t:|1790555470\n|switch|p1a: Toxapex|Toxapex, F|100/100\n|-sideend|p1: geo13000|move: Toxic Spikes|[of] p1a: Toxapex\n|move|p2a: Toxapex|Toxic Spikes|p1a: Toxapex\n|-sidestart|p1: geo13000|move: Toxic Spikes\n|\n|-fieldend|move: Grassy Terrain\n|upkeep\n|turn|116\n|\n|t:|1790555472\n|switch|p1a: Slowking|Slowking, F|100/100 brn\n|move|p2a: Toxapex|Toxic Spikes|p1a: Slowking\n|-sidestart|p1: geo13000|move: Toxic Spikes\n|\n|-damage|p1a: Slowking|94/100 brn|[from] brn\n|upkeep\n|turn|117\n|\n|t:|1790555474\n|move|p2a: Toxapex|Toxic Spikes||[still]\n|-fail|p2a: Toxapex\n|move|p1a: Slowking|Teleport|p1a: Slowking\n|\n|t:|1790555476\n|switch|p1a: Toxapex|Toxapex, F|100/100|[from] Teleport\n|-sideend|p1: geo13000|move: Toxic Spikes|[of] p1a: Toxapex\n|\n|upkeep\n|turn|118\n|\n|t:|1790555480\n|switch|p1a: Slowking|Slowking, F|100/100 brn\n|move|p2a: Toxapex|Scald|p1a: Slowking\n|-resisted|p1a: Slowking\n|-damage|p1a: Slowking|96/100 brn\n|\n|-damage|p1a: Slowking|90/100 brn|[from] brn\n|upkeep\n|turn|119\n|\n|t:|1790555484\n|move|p2a: Toxapex|Toxic Spikes|p1a: Slowking\n|-sidestart|p1: geo13000|move: Toxic Spikes\n|move|p1a: Slowking|Scald|p2a: Toxapex\n|-resisted|p2a: Toxapex\n|-damage|p2a: Toxapex|90/100\n|\n|-damage|p1a: Slowking|83/100 brn|[from] brn\n|upkeep\n|turn|120\n|\n|t:|1790555486\n|move|p2a: Toxapex|Scald|p1a: Slowking\n|-resisted|p1a: Slowking\n|-crit|p1a: Slowking\n|-damage|p1a: Slowking|75/100 brn\n|move|p1a: Slowking|Teleport|p1a: Slowking\n|\n|t:|1790555488\n|switch|p1a: Toxapex|Toxapex, F|100/100|[from] Teleport\n|-sideend|p1: geo13000|move: Toxic Spikes|[of] p1a: Toxapex\n|\n|upkeep\n|turn|121\n|\n|t:|1790555492\n|switch|p1a: Slowking|Slowking, F|100/100 brn\n|move|p2a: Toxapex|Scald|p1a: Slowking\n|-resisted|p1a: Slowking\n|-damage|p1a: Slowking|96/100 brn\n|\n|-damage|p1a: Slowking|89/100 brn|[from] brn\n|upkeep\n|turn|122\n|\n|t:|1790555495\n|move|p2a: Toxapex|Toxic Spikes|p1a: Slowking\n|-sidestart|p1: geo13000|move: Toxic Spikes\n|move|p1a: Slowking|Scald|p2a: Toxapex\n|-resisted|p2a: Toxapex\n|-damage|p2a: Toxapex|80/100\n|\n|-damage|p1a: Slowking|83/100 brn|[from] brn\n|upkeep\n|turn|123\n|\n|t:|1790555503\n|move|p2a: Toxapex|Knock Off|p1a: Slowking\n|-supereffective|p1a: Slowking\n|-damage|p1a: Slowking|64/100 brn\n|move|p1a: Slowking|Teleport|p1a: Slowking\n|\n|t:|1790555506\n|switch|p1a: Toxapex|Toxapex, F|100/100|[from] Teleport\n|-sideend|p1: geo13000|move: Toxic Spikes|[of] p1a: Toxapex\n|\n|upkeep\n|turn|124\n|\n|t:|1790555510\n|switch|p1a: Slowking|Slowking, F|98/100 brn\n|move|p2a: Toxapex|Toxic Spikes|p1a: Slowking\n|-sidestart|p1: geo13000|move: Toxic Spikes\n|\n|-damage|p1a: Slowking|91/100 brn|[from] brn\n|upkeep\n|turn|125\n|\n|t:|1790555517\n|switch|p2a: Slowking|Slowking-Galar, F|54/100 brn\n|move|p1a: Slowking|Teleport|p1a: Slowking\n|\n|t:|1790555524\n|switch|p1a: Toxapex|Toxapex, F|100/100|[from] Teleport\n|-sideend|p1: geo13000|move: Toxic Spikes|[of] p1a: Toxapex\n|\n|-damage|p2a: Slowking|48/100 brn|[from] brn\n|upkeep\n|turn|126\n|\n|t:|1790555537\n|switch|p1a: Blissey|Blissey, F|100/100\n|move|p2a: Slowking|Future Sight|p1a: Blissey\n|-start|p2a: Slowking|move: Future Sight\n|\n|-damage|p2a: Slowking|42/100 brn|[from] brn\n|upkeep\n|turn|127\n|\n|t:|1790555544\n|switch|p2a: Toxapex|Toxapex, F|100/100\n|move|p1a: Blissey|Stealth Rock|p2a: Toxapex\n|-sidestart|p2: acendin|move: Stealth Rock\n|\n|upkeep\n|turn|128\n|\n|t:|1790555550\n|switch|p1a: Slowking|Slowking, F|100/100 brn\n|move|p2a: Toxapex|Toxic Spikes|p1a: Slowking\n|-sidestart|p1: geo13000|move: Toxic Spikes\n|\n|-end|p1a: Slowking|move: Future Sight\n|-resisted|p1a: Slowking\n|-damage|p1a: Slowking|86/100 brn\n|-damage|p1a: Slowking|79/100 brn|[from] brn\n|upkeep\n|turn|129\n|\n|t:|1790555556\n|switch|p2a: Tornadus|Tornadus-Therian, M|100/100\n|move|p1a: Slowking|Teleport|p1a: Slowking\n|\n|t:|1790555563\n|switch|p1a: Zapdos|Zapdos|100/100|[from] Teleport\n|-ability|p1a: Zapdos|Pressure\n|\n|upkeep\n|turn|130\n|\n|t:|1790555568\n|move|p2a: Tornadus|U-turn|p1a: Zapdos\n|-resisted|p1a: Zapdos\n|-damage|p1a: Zapdos|95/100\n|\n|t:|1790555570\n|switch|p2a: Garchomp|Garchomp, F|100/100|[from] U-turn\n|-damage|p2a: Garchomp|94/100|[from] Stealth Rock\n|move|p1a: Zapdos|Discharge|p2a: Garchomp\n|-immune|p2a: Garchomp\n|\n|-heal|p2a: Garchomp|100/100|[from] item: Leftovers\n|upkeep\n|turn|131\n|\n|t:|1790555580\n|switch|p1a: Corviknight|Corviknight, F|93/100\n|-ability|p1a: Corviknight|Pressure\n|move|p2a: Garchomp|Stealth Rock|p1a: Corviknight\n|-sidestart|p1: geo13000|move: Stealth Rock\n|\n|upkeep\n|turn|132\n|\n|t:|1790555585\n|switch|p2a: Toxapex|Toxapex, F|100/100\n|-damage|p2a: Toxapex|88/100|[from] Stealth Rock\n|move|p1a: Corviknight|Defog|p2a: Toxapex\n|-unboost|p2a: Toxapex|evasion|1\n|-sideend|p2: acendin|Stealth Rock|[from] move: Defog|[of] p1a: Corviknight\n|-sideend|p1: geo13000|Toxic Spikes|[from] move: Defog|[of] p1a: Corviknight\n|-sideend|p1: geo13000|Stealth Rock|[from] move: Defog|[of] p1a: Corviknight\n|\n|upkeep\n|turn|133\n|\n|t:|1790555590\n|switch|p1a: Slowking|Slowking, F|100/100 brn\n|move|p2a: Toxapex|Scald|p1a: Slowking\n|-resisted|p1a: Slowking\n|-damage|p1a: Slowking|95/100 brn\n|\n|-damage|p1a: Slowking|89/100 brn|[from] brn\n|upkeep\n|turn|134\n|\n|t:|1790555597\n|switch|p2a: Tornadus|Tornadus-Therian, M|100/100\n|switch|p1a: Toxapex|Toxapex, F|100/100\n|\n|upkeep\n|turn|135\n|\n|t:|1790555600\n|switch|p1a: Gastrodon|Gastrodon, F|100/100\n|move|p2a: Tornadus|U-turn|p1a: Gastrodon\n|-damage|p1a: Gastrodon|88/100\n|\n|t:|1790555606\n|switch|p2a: Rillaboom|Rillaboom, M|100/100|[from] U-turn\n|-fieldstart|move: Grassy Terrain|[from] ability: Grassy Surge|[of] p2a: Rillaboom\n|\n|-heal|p1a: Gastrodon|95/100|[from] Grassy Terrain\n|-heal|p1a: Gastrodon|100/100|[from] item: Leftovers\n|upkeep\n|turn|136\n|\n|t:|1790555611\n|switch|p1a: Corviknight|Corviknight, F|93/100\n|-ability|p1a: Corviknight|Pressure\n|move|p2a: Rillaboom|Swords Dance|p2a: Rillaboom\n|-boost|p2a: Rillaboom|atk|2\n|\n|upkeep\n|turn|137\n|\n|t:|1790555614\n|move|p2a: Rillaboom|Superpower|p1a: Corviknight\n|-damage|p1a: Corviknight|41/100\n|-unboost|p2a: Rillaboom|atk|1\n|-unboost|p2a: Rillaboom|def|1\n|move|p1a: Corviknight|Iron Defense|p1a: Corviknight\n|-boost|p1a: Corviknight|def|2\n|\n|upkeep\n|turn|138\n|\n|t:|1790555624\n|switch|p2a: Toxapex|Toxapex, F|100/100\n|move|p1a: Corviknight|Roost|p1a: Corviknight\n|-heal|p1a: Corviknight|91/100\n|-singleturn|p1a: Corviknight|move: Roost\n|\n|-heal|p1a: Corviknight|97/100|[from] Grassy Terrain\n|upkeep\n|turn|139\n|\n|t:|1790555628\n|switch|p1a: Slowking|Slowking, F|100/100 brn\n|switch|p2a: Heatran|Heatran, F|99/100\n|\n|-heal|p2a: Heatran|100/100|[from] Grassy Terrain\n|-damage|p1a: Slowking|94/100 brn|[from] brn\n|-fieldend|move: Grassy Terrain\n|upkeep\n|turn|140\n|\n|t:|1790555634\n|move|p2a: Heatran|Protect|p2a: Heatran\n|-singleturn|p2a: Heatran|Protect\n|move|p1a: Slowking|Scald|p2a: Heatran\n|-activate|p2a: Heatran|move: Protect\n|\n|-damage|p1a: Slowking|88/100 brn|[from] brn\n|upkeep\n|turn|141\n|\n|t:|1790555639\n|switch|p2a: Toxapex|Toxapex, F|100/100\n|move|p1a: Slowking|Scald|p2a: Toxapex\n|-resisted|p2a: Toxapex\n|-damage|p2a: Toxapex|90/100\n|\n|-damage|p1a: Slowking|82/100 brn|[from] brn\n|upkeep\n|turn|142\n|\n|t:|1790555644\n|switch|p2a: Slowking|Slowking-Galar, F|75/100 brn\n|switch|p1a: Toxapex|Toxapex, F|100/100\n|\n|-damage|p2a: Slowking|69/100 brn|[from] brn\n|upkeep\n|turn|143\n|\n|t:|1790555652\n|switch|p1a: Blissey|Blissey, F|100/100\n|switch|p2a: Toxapex|Toxapex, F|100/100\n|\n|upkeep\n|turn|144\n|\n|t:|1790555656\n|switch|p1a: Slowking|Slowking, F|100/100 brn\n|move|p2a: Toxapex|Knock Off|p1a: Slowking\n|-supereffective|p1a: Slowking\n|-damage|p1a: Slowking|82/100 brn\n|\n|-damage|p1a: Slowking|75/100 brn|[from] brn\n|upkeep\n|turn|145\n|\n|t:|1790555659\n|switch|p2a: Slowking|Slowking-Galar, F|100/100 brn\n|switch|p1a: Toxapex|Toxapex, F|100/100\n|\n|-damage|p2a: Slowking|94/100 brn|[from] brn\n|upkeep\n|turn|146\n|\n|t:|1790555663\n|switch|p1a: Blissey|Blissey, F|100/100\n|switch|p2a: Toxapex|Toxapex, F|100/100\n|\n|upkeep\n|turn|147\n|\n|t:|1790555669\n|switch|p1a: Slowking|Slowking, F|100/100 brn\n|switch|p2a: Rillaboom|Rillaboom, M|100/100\n|-fieldstart|move: Grassy Terrain|[from] ability: Grassy Surge|[of] p2a: Rillaboom\n|\n|-damage|p1a: Slowking|94/100 brn|[from] brn\n|upkeep\n|turn|148\n|\n|t:|1790555676\n|switch|p2a: Heatran|Heatran, F|100/100\n|switch|p1a: Corviknight|Corviknight, F|97/100\n|-ability|p1a: Corviknight|Pressure\n|\n|upkeep\n|turn|149\n|\n|t:|1790555697\n|switch|p2a: Rillaboom|Rillaboom, M|100/100\n|switch|p1a: Slowking|Slowking, F|100/100 brn\n|\n|-damage|p1a: Slowking|94/100 brn|[from] brn\n|upkeep\n|turn|150\n|\n|t:|1790555700\n|switch|p1a: Corviknight|Corviknight, F|97/100\n|-ability|p1a: Corviknight|Pressure\n|move|p2a: Rillaboom|Grassy Glide|p1a: Corviknight\n|-resisted|p1a: Corviknight\n|-damage|p1a: Corviknight|90/100\n|\n|upkeep\n|turn|151\n|\n|t:|1790555712\n|switch|p2a: Toxapex|Toxapex, F|100/100\n|switch|p1a: Toxapex|Toxapex, F|100/100\n|\n|-fieldend|move: Grassy Terrain\n|upkeep\n|turn|152\n|\n|t:|1790555723\n|switch|p1a: Slowking|Slowking, F|100/100 brn\n|move|p2a: Toxapex|Toxic Spikes|p1a: Slowking\n|-sidestart|p1: geo13000|move: Toxic Spikes\n|\n|-damage|p1a: Slowking|94/100 brn|[from] brn\n|upkeep\n|turn|153\n|\n|t:|1790555728\n|switch|p2a: Tornadus|Tornadus-Therian, M|100/100\n|switch|p1a: Toxapex|Toxapex, F|100/100\n|-sideend|p1: geo13000|move: Toxic Spikes|[of] p1a: Toxapex\n|\n|upkeep\n|turn|154\n|\n|t:|1790555734\n|switch|p1a: Gastrodon|Gastrodon, F|100/100\n|move|p2a: Tornadus|U-turn|p1a: Gastrodon\n|-damage|p1a: Gastrodon|90/100\n|\n|t:|1790555738\n|switch|p2a: Rillaboom|Rillaboom, M|100/100|[from] U-turn\n|-fieldstart|move: Grassy Terrain|[from] ability: Grassy Surge|[of] p2a: Rillaboom\n|\n|-heal|p1a: Gastrodon|96/100|[from] Grassy Terrain\n|-heal|p1a: Gastrodon|100/100|[from] item: Leftovers\n|upkeep\n|turn|155\n|\n|t:|1790555743\n|switch|p2a: Toxapex|Toxapex, F|100/100\n|switch|p1a: Corviknight|Corviknight, F|90/100\n|-ability|p1a: Corviknight|Pressure\n|\n|upkeep\n|turn|156\n|\n|t:|1790555756\n|switch|p1a: Slowking|Slowking, F|100/100 brn\n|switch|p2a: Rillaboom|Rillaboom, M|100/100\n|\n|-damage|p1a: Slowking|94/100 brn|[from] brn\n|upkeep\n|turn|157\n|\n|t:|1790555766\n|switch|p2a: Tornadus|Tornadus-Therian, M|100/100\n|switch|p1a: Corviknight|Corviknight, F|90/100\n|-ability|p1a: Corviknight|Pressure\n|\n|upkeep\n|turn|158\n|\n|t:|1790555772\n|switch|p1a: Gastrodon|Gastrodon, F|100/100\n|move|p2a: Tornadus|Knock Off|p1a: Gastrodon\n|-damage|p1a: Gastrodon|86/100\n|-activate|p1a: Gastrodon|ability: Sticky Hold\n|\n|-heal|p1a: Gastrodon|92/100|[from] Grassy Terrain\n|-heal|p1a: Gastrodon|98/100|[from] item: Leftovers\n|-fieldend|move: Grassy Terrain\n|upkeep\n|turn|159\n|\n|t:|1790555783\n|move|p2a: Tornadus|U-turn|p1a: Gastrodon\n|-damage|p1a: Gastrodon|88/100\n|\n|t:|1790555793\n|switch|p2a: Toxapex|Toxapex, F|100/100|[from] U-turn\n|move|p1a: Gastrodon|Scald|p2a: Toxapex\n|-resisted|p2a: Toxapex\n|-damage|p2a: Toxapex|91/100\n|-status|p2a: Toxapex|brn\n|\n|-heal|p1a: Gastrodon|94/100|[from] item: Leftovers\n|-damage|p2a: Toxapex|85/100 brn|[from] brn\n|upkeep\n|turn|160\n|\n|t:|1790555802\n|switch|p1a: Slowking|Slowking, F|100/100 brn\n|move|p2a: Toxapex|Scald|p1a: Slowking\n|-resisted|p1a: Slowking\n|-damage|p1a: Slowking|96/100 brn\n|\n|-damage|p2a: Toxapex|78/100 brn|[from] brn\n|-damage|p1a: Slowking|90/100 brn|[from] brn\n|upkeep\n|turn|161\n|\n|t:|1790555809\n|switch|p1a: Toxapex|Toxapex, F|100/100\n|move|p2a: Toxapex|Toxic Spikes|p1a: Toxapex\n|-sidestart|p1: geo13000|move: Toxic Spikes\n|\n|-damage|p2a: Toxapex|72/100 brn|[from] brn\n|upkeep\n|turn|162\n|\n|t:|1790555824\n|switch|p1a: Slowking|Slowking, F|100/100 brn\n|move|p2a: Toxapex|Scald|p1a: Slowking\n|-resisted|p1a: Slowking\n|-crit|p1a: Slowking\n|-damage|p1a: Slowking|93/100 brn\n|\n|-damage|p2a: Toxapex|66/100 brn|[from] brn\n|-damage|p1a: Slowking|86/100 brn|[from] brn\n|upkeep\n|turn|163\n|\n|t:|1790555831\n|switch|p2a: Garchomp|Garchomp, F|100/100\n|move|p1a: Slowking|Teleport|p1a: Slowking\n|\n|t:|1790555832\n|switch|p1a: Toxapex|Toxapex, F|100/100|[from] Teleport\n|-sideend|p1: geo13000|move: Toxic Spikes|[of] p1a: Toxapex\n|\n|upkeep\n|turn|164\n|\n|t:|1790555837\n|switch|p1a: Corviknight|Corviknight, F|90/100\n|-ability|p1a: Corviknight|Pressure\n|move|p2a: Garchomp|Stealth Rock|p1a: Corviknight\n|-sidestart|p1: geo13000|move: Stealth Rock\n|\n|upkeep\n|turn|165\n|\n|t:|1790555842\n|switch|p2a: Heatran|Heatran, F|100/100\n|move|p1a: Corviknight|Defog|p2a: Heatran\n|-unboost|p2a: Heatran|evasion|1\n|-sideend|p1: geo13000|Stealth Rock|[from] move: Defog|[of] p1a: Corviknight\n|\n|upkeep\n|turn|166\n|\n|t:|1790555850\n|switch|p1a: Slowking|Slowking, F|100/100 brn\n|move|p2a: Heatran|Earth Power|p1a: Slowking\n|-damage|p1a: Slowking|86/100 brn\n|\n|-damage|p1a: Slowking|79/100 brn|[from] brn\n|upkeep\n|turn|167\n|\n|t:|1790555860\n|move|p2a: Heatran|Earth Power|p1a: Slowking\n|-damage|p1a: Slowking|64/100 brn\n|move|p1a: Slowking|Dragon Tail|p2a: Heatran\n|-resisted|p2a: Heatran\n|-damage|p2a: Heatran|99/100\n|drag|p2a: Toxapex|Toxapex, F|99/100 brn\n|\n|-damage|p2a: Toxapex|93/100 brn|[from] brn\n|-damage|p1a: Slowking|57/100 brn|[from] brn\n|upkeep\n|turn|168\n|\n|t:|1790555876\n|switch|p2a: Rillaboom|Rillaboom, M|100/100\n|-fieldstart|move: Grassy Terrain|[from] ability: Grassy Surge|[of] p2a: Rillaboom\n|switch|p1a: Toxapex|Toxapex, F|100/100\n|\n|upkeep\n|turn|169\n|\n|t:|1790555882\n|switch|p2a: Toxapex|Toxapex, F|100/100 brn\n|switch|p1a: Corviknight|Corviknight, F|90/100\n|-ability|p1a: Corviknight|Pressure\n|\n|-damage|p2a: Toxapex|94/100 brn|[from] brn\n|upkeep\n|turn|170\n|\n|t:|1790555888\n|switch|p1a: Slowking|Slowking, F|91/100 brn\n|move|p2a: Toxapex|Scald|p1a: Slowking\n|-resisted|p1a: Slowking\n|-damage|p1a: Slowking|86/100 brn\n|\n|-heal|p2a: Toxapex|100/100 brn|[from] Grassy Terrain\n|-heal|p1a: Slowking|92/100 brn|[from] Grassy Terrain\n|-damage|p2a: Toxapex|94/100 brn|[from] brn\n|-damage|p1a: Slowking|86/100 brn|[from] brn\n|upkeep\n|turn|171\n|\n|t:|1790555897\n|switch|p2a: Slowking|Slowking-Galar, F|100/100 brn\n|switch|p1a: Toxapex|Toxapex, F|100/100\n|\n|-damage|p2a: Slowking|94/100 brn|[from] brn\n|upkeep\n|turn|172\n|\n|t:|1790555905\n|switch|p1a: Blissey|Blissey, F|100/100\n|move|p2a: Slowking|Future Sight|p1a: Blissey\n|-start|p2a: Slowking|move: Future Sight\n|\n|-heal|p2a: Slowking|100/100 brn|[from] Grassy Terrain\n|-damage|p2a: Slowking|94/100 brn|[from] brn\n|-fieldend|move: Grassy Terrain\n|upkeep\n|turn|173\n|\n|t:|1790555909\n|switch|p2a: Rillaboom|Rillaboom, M|100/100\n|-fieldstart|move: Grassy Terrain|[from] ability: Grassy Surge|[of] p2a: Rillaboom\n|move|p1a: Blissey|Stealth Rock|p2a: Rillaboom\n|-sidestart|p2: acendin|move: Stealth Rock\n|\n|upkeep\n|turn|174\n|\n|t:|1790555920\n|switch|p1a: Corviknight|Corviknight, F|90/100\n|-ability|p1a: Corviknight|Pressure\n|move|p2a: Rillaboom|Swords Dance|p2a: Rillaboom\n|-boost|p2a: Rillaboom|atk|2\n|\n|-end|p1a: Corviknight|move: Future Sight\n|-resisted|p1a: Corviknight\n|-damage|p1a: Corviknight|65/100\n|upkeep\n|turn|175\n|\n|t:|1790555929\n|move|p2a: Rillaboom|Knock Off|p1a: Corviknight\n|-damage|p1a: Corviknight|36/100\n|move|p1a: Corviknight|Roost|p1a: Corviknight\n|-heal|p1a: Corviknight|86/100\n|-singleturn|p1a: Corviknight|move: Roost\n|\n|-heal|p1a: Corviknight|92/100|[from] Grassy Terrain\n|upkeep\n|turn|176\n|\n|t:|1790555935\n|switch|p2a: Tornadus|Tornadus-Therian, M|100/100\n|move|p1a: Corviknight|Iron Defense|p1a: Corviknight\n|-boost|p1a: Corviknight|def|2\n|\n|upkeep\n|turn|177\n|\n|t:|1790555938\n|switch|p1a: Zapdos|Zapdos|95/100\n|-ability|p1a: Zapdos|Pressure\n|move|p2a: Tornadus|Defog|p1a: Zapdos\n|-unboost|p1a: Zapdos|evasion|1\n|-sideend|p2: acendin|Stealth Rock|[from] move: Defog|[of] p2a: Tornadus\n|-fieldend|move: Grassy Terrain\n|\n|upkeep\n|turn|178\n|\n|t:|1790555942\n|switch|p2a: Garchomp|Garchomp, F|100/100\n|switch|p1a: Gastrodon|Gastrodon, F|94/100\n|\n|-heal|p1a: Gastrodon|99/100|[from] item: Leftovers\n|upkeep\n|turn|179\n|\n|t:|1790555945\n|switch|p1a: Corviknight|Corviknight, F|92/100\n|-ability|p1a: Corviknight|Pressure\n|move|p2a: Garchomp|Toxic|p1a: Corviknight|[miss]\n|-miss|p2a: Garchomp|p1a: Corviknight\n|\n|upkeep\n|turn|180\n|\n|t:|1790555948\n|move|p2a: Garchomp|Stealth Rock|p1a: Corviknight\n|-sidestart|p1: geo13000|move: Stealth Rock\n|move|p1a: Corviknight|Iron Defense|p1a: Corviknight\n|-boost|p1a: Corviknight|def|2\n|\n|upkeep\n|turn|181\n|\n|t:|1790555951\n|switch|p2a: Toxapex|Toxapex, F|100/100 brn\n|move|p1a: Corviknight|Defog|p2a: Toxapex\n|-unboost|p2a: Toxapex|evasion|1\n|-sideend|p1: geo13000|Stealth Rock|[from] move: Defog|[of] p1a: Corviknight\n|\n|-damage|p2a: Toxapex|94/100 brn|[from] brn\n|upkeep\n|turn|182\n|\n|t:|1790555959\n|switch|p1a: Toxapex|Toxapex, F|100/100\n|switch|p2a: Slowking|Slowking-Galar, F|100/100 brn\n|\n|-damage|p2a: Slowking|94/100 brn|[from] brn\n|upkeep\n|turn|183\n|\n|t:|1790555962\n|switch|p1a: Blissey|Blissey, F|100/100\n|move|p2a: Slowking|Future Sight|p1a: Blissey\n|-start|p2a: Slowking|move: Future Sight\n|\n|-damage|p2a: Slowking|88/100 brn|[from] brn\n|upkeep\n|turn|184\n|\n|t:|1790555969\n|switch|p2a: Rillaboom|Rillaboom, M|100/100\n|-fieldstart|move: Grassy Terrain|[from] ability: Grassy Surge|[of] p2a: Rillaboom\n|move|p1a: Blissey|Stealth Rock|p2a: Rillaboom\n|-sidestart|p2: acendin|move: Stealth Rock\n|\n|upkeep\n|turn|185\n|\n|t:|1790555979\n|switch|p1a: Corviknight|Corviknight, F|92/100\n|-ability|p1a: Corviknight|Pressure\n|move|p2a: Rillaboom|Swords Dance|p2a: Rillaboom\n|-boost|p2a: Rillaboom|atk|2\n|\n|-end|p1a: Corviknight|move: Future Sight\n|-resisted|p1a: Corviknight\n|-damage|p1a: Corviknight|69/100\n|upkeep\n|turn|186\n|\n|t:|1790555985\n|move|p2a: Rillaboom|Knock Off|p1a: Corviknight\n|-damage|p1a: Corviknight|40/100\n|move|p1a: Corviknight|Roost|p1a: Corviknight\n|-heal|p1a: Corviknight|90/100\n|-singleturn|p1a: Corviknight|move: Roost\n|\n|-heal|p1a: Corviknight|96/100|[from] Grassy Terrain\n|upkeep\n|turn|187\n|\n|t:|1790555992\n|move|p2a: Rillaboom|Knock Off|p1a: Corviknight\n|-damage|p1a: Corviknight|68/100\n|move|p1a: Corviknight|Iron Defense|p1a: Corviknight\n|-boost|p1a: Corviknight|def|2\n|\n|upkeep\n|turn|188\n|\n|t:|1790555997\n|switch|p2a: Tornadus|Tornadus-Therian, M|100/100\n|move|p1a: Corviknight|Roost|p1a: Corviknight\n|-heal|p1a: Corviknight|100/100\n|-singleturn|p1a: Corviknight|move: Roost\n|\n|-fieldend|move: Grassy Terrain\n|upkeep\n|turn|189\n|\n|t:|1790556004\n|switch|p1a: Zapdos|Zapdos|95/100\n|-ability|p1a: Zapdos|Pressure\n|move|p2a: Tornadus|Defog|p1a: Zapdos\n|-unboost|p1a: Zapdos|evasion|1\n|-sideend|p2: acendin|Stealth Rock|[from] move: Defog|[of] p2a: Tornadus\n|\n|upkeep\n|turn|190\n|\n|t:|1790556011\n|switch|p2a: Garchomp|Garchomp, F|100/100\n|move|p1a: Zapdos|Heat Wave|p2a: Garchomp\n|-resisted|p2a: Garchomp\n|-damage|p2a: Garchomp|92/100\n|\n|-heal|p2a: Garchomp|98/100|[from] item: Leftovers\n|upkeep\n|turn|191\n|\n|t:|1790556024\n|switch|p1a: Corviknight|Corviknight, F|100/100\n|-ability|p1a: Corviknight|Pressure\n|move|p2a: Garchomp|Stealth Rock|p1a: Corviknight\n|-sidestart|p1: geo13000|move: Stealth Rock\n|\n|-heal|p2a: Garchomp|100/100|[from] item: Leftovers\n|upkeep\n|turn|192\n|\n|t:|1790556042\n|switch|p2a: Toxapex|Toxapex, F|100/100 brn\n|move|p1a: Corviknight|Defog|p2a: Toxapex\n|-unboost|p2a: Toxapex|evasion|1\n|-sideend|p1: geo13000|Stealth Rock|[from] move: Defog|[of] p1a: Corviknight\n|\n|-damage|p2a: Toxapex|94/100 brn|[from] brn\n|upkeep\n|turn|193\n|\n|t:|1790556057\n|switch|p1a: Slowking|Slowking, F|100/100 brn\n|switch|p2a: Rillaboom|Rillaboom, M|100/100\n|-fieldstart|move: Grassy Terrain|[from] ability: Grassy Surge|[of] p2a: Rillaboom\n|\n|-damage|p1a: Slowking|94/100 brn|[from] brn\n|upkeep\n|turn|194\n|\n|t:|1790556061\n|switch|p2a: Heatran|Heatran, F|99/100\n|switch|p1a: Corviknight|Corviknight, F|100/100\n|-ability|p1a: Corviknight|Pressure\n|\n|-heal|p2a: Heatran|100/100|[from] Grassy Terrain\n|upkeep\n|turn|195\n|\n|t:|1790556066\n|switch|p1a: Slowking|Slowking, F|100/100 brn\n|move|p2a: Heatran|Earth Power|p1a: Slowking\n|-crit|p1a: Slowking\n|-damage|p1a: Slowking|78/100 brn\n|\n|-heal|p1a: Slowking|84/100 brn|[from] Grassy Terrain\n|-damage|p1a: Slowking|78/100 brn|[from] brn\n|upkeep\n|turn|196\n|\n|t:|1790556073\n|move|p2a: Heatran|Earth Power|p1a: Slowking\n|-damage|p1a: Slowking|63/100 brn\n|-unboost|p1a: Slowking|spd|1\n|move|p1a: Slowking|Scald|p2a: Heatran\n|-supereffective|p2a: Heatran\n|-damage|p2a: Heatran|55/100\n|\n|-heal|p2a: Heatran|61/100|[from] Grassy Terrain\n|-heal|p2a: Heatran|67/100|[from] item: Leftovers\n|-heal|p1a: Slowking|70/100 brn|[from] Grassy Terrain\n|-damage|p1a: Slowking|63/100 brn|[from] brn\n|upkeep\n|turn|197\n|\n|t:|1790556083\n|switch|p1a: Gastrodon|Gastrodon, F|99/100\n|move|p2a: Heatran|Earth Power|p1a: Gastrodon\n|-damage|p1a: Gastrodon|77/100\n|\n|-heal|p2a: Heatran|74/100|[from] Grassy Terrain\n|-heal|p2a: Heatran|80/100|[from] item: Leftovers\n|-heal|p1a: Gastrodon|84/100|[from] Grassy Terrain\n|-heal|p1a: Gastrodon|90/100|[from] item: Leftovers\n|-fieldend|move: Grassy Terrain\n|upkeep\n|turn|198\n|\n|t:|1790556089\n|switch|p2a: Tornadus|Tornadus-Therian, M|100/100\n|move|p1a: Gastrodon|Earthquake|p2a: Tornadus\n|-immune|p2a: Tornadus\n|\n|-heal|p1a: Gastrodon|96/100|[from] item: Leftovers\n|upkeep\n|turn|199\n|\n|t:|1790556096\n|move|p2a: Tornadus|U-turn|p1a: Gastrodon\n|-damage|p1a: Gastrodon|85/100\n|\n|t:|1790556110\n|switch|p2a: Rillaboom|Rillaboom, M|100/100|[from] U-turn\n|-fieldstart|move: Grassy Terrain|[from] ability: Grassy Surge|[of] p2a: Rillaboom\n|move|p1a: Gastrodon|Earthquake|p2a: Rillaboom\n|-resisted|p2a: Rillaboom\n|-damage|p2a: Rillaboom|94/100\n|\n|-heal|p2a: Rillaboom|99/100|[from] Grassy Terrain\n|-heal|p2a: Rillaboom|100/100|[from] item: Leftovers\n|-heal|p1a: Gastrodon|91/100|[from] Grassy Terrain\n|-heal|p1a: Gastrodon|97/100|[from] item: Leftovers\n|upkeep\n|turn|200\n|\n|t:|1790556125\n|switch|p1a: Corviknight|Corviknight, F|100/100\n|-ability|p1a: Corviknight|Pressure\n|move|p2a: Rillaboom|Swords Dance|p2a: Rillaboom\n|-boost|p2a: Rillaboom|atk|2\n|\n|upkeep\n|turn|201\n|\n|t:|1790556128\n|move|p2a: Rillaboom|Knock Off|p1a: Corviknight\n|-crit|p1a: Corviknight\n|-damage|p1a: Corviknight|54/100\n|move|p1a: Corviknight|Iron Defense|p1a: Corviknight\n|-boost|p1a: Corviknight|def|2\n|\n|upkeep\n|turn|202\n|\n|t:|1790556143\n|switch|p2a: Slowking|Slowking-Galar, F|100/100 brn\n|move|p1a: Corviknight|Roost|p1a: Corviknight\n|-heal|p1a: Corviknight|100/100\n|-singleturn|p1a: Corviknight|move: Roost\n|\n|-damage|p2a: Slowking|94/100 brn|[from] brn\n|upkeep\n|turn|203\n|inactive|acendin has 120 seconds left.\n|\n|t:|1790556149\n|switch|p1a: Blissey|Blissey, F|100/100\n|switch|p2a: Garchomp|Garchomp, F|100/100\n|\n|-fieldend|move: Grassy Terrain\n|upkeep\n|turn|204\n|inactive|acendin has 120 seconds left.\n|\n|t:|1790556158\n|switch|p1a: Corviknight|Corviknight, F|100/100\n|-ability|p1a: Corviknight|Pressure\n|move|p2a: Garchomp|Stealth Rock|p1a: Corviknight\n|-sidestart|p1: geo13000|move: Stealth Rock\n|\n|upkeep\n|turn|205\n|\n|t:|1790556166\n|switch|p2a: Heatran|Heatran, F|80/100\n|move|p1a: Corviknight|Defog|p2a: Heatran\n|-unboost|p2a: Heatran|evasion|1\n|-sideend|p1: geo13000|Stealth Rock|[from] move: Defog|[of] p1a: Corviknight\n|\n|-heal|p2a: Heatran|86/100|[from] item: Leftovers\n|upkeep\n|turn|206\n|\n|t:|1790556179\n|switch|p2a: Slowking|Slowking-Galar, F|100/100 brn\n|switch|p1a: Slowking|Slowking, F|97/100 brn\n|\n|-damage|p2a: Slowking|94/100 brn|[from] brn\n|-damage|p1a: Slowking|90/100 brn|[from] brn\n|upkeep\n|turn|207\n|\n|t:|1790556187\n|switch|p1a: Blissey|Blissey, F|100/100\n|move|p2a: Slowking|Future Sight|p1a: Blissey\n|-start|p2a: Slowking|move: Future Sight\n|\n|-damage|p2a: Slowking|88/100 brn|[from] brn\n|upkeep\n|turn|208\n|\n|t:|1790556190\n|switch|p2a: Rillaboom|Rillaboom, M|100/100\n|-fieldstart|move: Grassy Terrain|[from] ability: Grassy Surge|[of] p2a: Rillaboom\n|move|p1a: Blissey|Stealth Rock|p2a: Rillaboom\n|-sidestart|p2: acendin|move: Stealth Rock\n|\n|upkeep\n|turn|209\n|\n|t:|1790556204\n|switch|p1a: Zapdos|Zapdos|95/100\n|-ability|p1a: Zapdos|Pressure\n|move|p2a: Rillaboom|Swords Dance|p2a: Rillaboom\n|-boost|p2a: Rillaboom|atk|2\n|\n|-end|p1a: Zapdos|move: Future Sight\n|-damage|p1a: Zapdos|43/100\n|upkeep\n|turn|210\n|\n|t:|1790556226\n|move|p1a: Zapdos|Roost|p1a: Zapdos\n|-heal|p1a: Zapdos|93/100\n|-singleturn|p1a: Zapdos|move: Roost\n|move|p2a: Rillaboom|Knock Off|p1a: Zapdos\n|-damage|p1a: Zapdos|56/100\n|\n|-heal|p1a: Zapdos|62/100|[from] Grassy Terrain\n|upkeep\n|turn|211\n|inactive|acendin has 90 seconds left.\n|\n|t:|1790556236\n|switch|p2a: Garchomp|Garchomp, F|100/100\n|-damage|p2a: Garchomp|94/100|[from] Stealth Rock\n|move|p1a: Zapdos|Heat Wave|p2a: Garchomp\n|-resisted|p2a: Garchomp\n|-damage|p2a: Garchomp|86/100\n|\n|-heal|p2a: Garchomp|92/100|[from] Grassy Terrain\n|-heal|p2a: Garchomp|98/100|[from] item: Leftovers\n|upkeep\n|turn|212\n|\n|t:|1790556240\n|switch|p1a: Corviknight|Corviknight, F|100/100\n|-ability|p1a: Corviknight|Pressure\n|move|p2a: Garchomp|Stealth Rock|p1a: Corviknight\n|-sidestart|p1: geo13000|move: Stealth Rock\n|\n|-heal|p2a: Garchomp|100/100|[from] Grassy Terrain\n|-fieldend|move: Grassy Terrain\n|upkeep\n|turn|213\n|inactive|acendin has 90 seconds left.\n|\n|t:|1790556246\n|switch|p2a: Slowking|Slowking-Galar, F|100/100 brn\n|-damage|p2a: Slowking|88/100 brn|[from] Stealth Rock\n|move|p1a: Corviknight|Defog|p2a: Slowking\n|-unboost|p2a: Slowking|evasion|1\n|-sideend|p2: acendin|Stealth Rock|[from] move: Defog|[of] p1a: Corviknight\n|-sideend|p1: geo13000|Stealth Rock|[from] move: Defog|[of] p1a: Corviknight\n|\n|-damage|p2a: Slowking|82/100 brn|[from] brn\n|upkeep\n|turn|214\n|inactive|acendin has 90 seconds left.\n|\n|t:|1790556257\n|switch|p1a: Blissey|Blissey, F|100/100\n|switch|p2a: Rillaboom|Rillaboom, M|100/100\n|-fieldstart|move: Grassy Terrain|[from] ability: Grassy Surge|[of] p2a: Rillaboom\n|\n|upkeep\n|turn|215\n|\n|t:|1790556262\n|switch|p2a: Garchomp|Garchomp, F|100/100\n|switch|p1a: Zapdos|Zapdos|62/100\n|-ability|p1a: Zapdos|Pressure\n|\n|upkeep\n|turn|216\n|\n|t:|1790556267\n|switch|p1a: Corviknight|Corviknight, F|100/100\n|-ability|p1a: Corviknight|Pressure\n|move|p2a: Garchomp|Toxic|p1a: Corviknight\n|-immune|p1a: Corviknight\n|\n|upkeep\n|turn|217\n|\n|t:|1790556272\n|switch|p2a: Slowking|Slowking-Galar, F|100/100 brn\n|move|p1a: Corviknight|Iron Defense|p1a: Corviknight\n|-boost|p1a: Corviknight|def|2\n|\n|-damage|p2a: Slowking|94/100 brn|[from] brn\n|upkeep\n|turn|218\n|\n|t:|1790556276\n|switch|p1a: Blissey|Blissey, F|100/100\n|switch|p2a: Tornadus|Tornadus-Therian, M|100/100\n|\n|-fieldend|move: Grassy Terrain\n|upkeep\n|turn|219\n|\n|t:|1790556283\n|switch|p1a: Gastrodon|Gastrodon, F|97/100\n|move|p2a: Tornadus|Knock Off|p1a: Gastrodon\n|-damage|p1a: Gastrodon|81/100\n|-activate|p1a: Gastrodon|ability: Sticky Hold\n|\n|-heal|p1a: Gastrodon|88/100|[from] item: Leftovers\n|upkeep\n|turn|220\n|inactive|acendin has 90 seconds left.\n|\n|t:|1790556289\n|move|p2a: Tornadus|Knock Off|p1a: Gastrodon\n|-damage|p1a: Gastrodon|72/100\n|-activate|p1a: Gastrodon|ability: Sticky Hold\n|move|p1a: Gastrodon|Scald|p2a: Tornadus\n|-damage|p2a: Tornadus|73/100\n|\n|-heal|p1a: Gastrodon|79/100|[from] item: Leftovers\n|upkeep\n|turn|221\n|\n|t:|1790556293\n|move|p2a: Tornadus|U-turn|p1a: Gastrodon\n|-damage|p1a: Gastrodon|68/100\n|\n|t:|1790556296\n|switch|p2a: Toxapex|Toxapex, F|100/100 brn|[from] U-turn\n|move|p1a: Gastrodon|Scald|p2a: Toxapex\n|-resisted|p2a: Toxapex\n|-damage|p2a: Toxapex|90/100 brn\n|\n|-heal|p1a: Gastrodon|74/100|[from] item: Leftovers\n|-damage|p2a: Toxapex|83/100 brn|[from] brn\n|upkeep\n|turn|222\n|inactive|acendin has 90 seconds left.\n|\n|t:|1790556302\n|switch|p1a: Slowking|Slowking, F|100/100 brn\n|move|p2a: Toxapex|Toxic Spikes|p1a: Slowking\n|-sidestart|p1: geo13000|move: Toxic Spikes\n|\n|-damage|p2a: Toxapex|77/100 brn|[from] brn\n|-damage|p1a: Slowking|94/100 brn|[from] brn\n|upkeep\n|turn|223\n|\n|t:|1790556306\n|switch|p2a: Garchomp|Garchomp, F|100/100\n|move|p1a: Slowking|Teleport|p1a: Slowking\n|\n|t:|1790556310\n|switch|p1a: Toxapex|Toxapex, F|100/100|[from] Teleport\n|-sideend|p1: geo13000|move: Toxic Spikes|[of] p1a: Toxapex\n|\n|upkeep\n|turn|224\n|\n|t:|1790556322\n|switch|p2a: Slowking|Slowking-Galar, F|100/100 brn\n|switch|p1a: Corviknight|Corviknight, F|100/100\n|-ability|p1a: Corviknight|Pressure\n|\n|-damage|p2a: Slowking|94/100 brn|[from] brn\n|upkeep\n|turn|225\n|inactive|acendin has 90 seconds left.\n|\n|t:|1790556333\n|switch|p1a: Slowking|Slowking, F|100/100 brn\n|move|p2a: Slowking|Flamethrower|p1a: Slowking\n|-resisted|p1a: Slowking\n|-damage|p1a: Slowking|93/100 brn\n|\n|-damage|p2a: Slowking|88/100 brn|[from] brn\n|-damage|p1a: Slowking|87/100 brn|[from] brn\n|upkeep\n|turn|226\n|\n|t:|1790556338\n|move|p2a: Slowking|Ice Beam|p1a: Slowking\n|-resisted|p1a: Slowking\n|-damage|p1a: Slowking|79/100 brn\n|move|p1a: Slowking|Scald|p2a: Slowking\n|-damage|p2a: Slowking|70/100 brn\n|\n|-damage|p2a: Slowking|64/100 brn|[from] brn\n|-damage|p1a: Slowking|73/100 brn|[from] brn\n|upkeep\n|turn|227\n|\n|t:|1790556347\n|switch|p1a: Blissey|Blissey, F|100/100\n|move|p2a: Slowking|Ice Beam|p1a: Blissey\n|-damage|p1a: Blissey|91/100\n|\n|-heal|p1a: Blissey|98/100|[from] item: Leftovers\n|-damage|p2a: Slowking|57/100 brn|[from] brn\n|upkeep\n|turn|228\n|\n|t:|1790556352\n|switch|p1a: Slowking|Slowking, F|100/100 brn\n|switch|p2a: Rillaboom|Rillaboom, M|100/100\n|-fieldstart|move: Grassy Terrain|[from] ability: Grassy Surge|[of] p2a: Rillaboom\n|\n|-damage|p1a: Slowking|94/100 brn|[from] brn\n|upkeep\n|turn|229\n|\n|t:|1790556360\n|switch|p2a: Slowking|Slowking-Galar, F|91/100 brn\n|switch|p1a: Zapdos|Zapdos|62/100\n|-ability|p1a: Zapdos|Pressure\n|\n|-heal|p2a: Slowking|97/100 brn|[from] Grassy Terrain\n|-damage|p2a: Slowking|91/100 brn|[from] brn\n|upkeep\n|turn|230\n|\n|t:|1790556364\n|move|p1a: Zapdos|Roost|p1a: Zapdos\n|-heal|p1a: Zapdos|100/100\n|-singleturn|p1a: Zapdos|move: Roost\n|move|p2a: Slowking|Ice Beam|p1a: Zapdos\n|-damage|p1a: Zapdos|77/100\n|\n|-heal|p1a: Zapdos|83/100|[from] Grassy Terrain\n|-heal|p2a: Slowking|97/100 brn|[from] Grassy Terrain\n|-damage|p2a: Slowking|91/100 brn|[from] brn\n|upkeep\n|turn|231\n|\n|t:|1790556377\n|switch|p1a: Slowking|Slowking, F|100/100 brn\n|switch|p2a: Rillaboom|Rillaboom, M|100/100\n|\n|-damage|p1a: Slowking|94/100 brn|[from] brn\n|upkeep\n|turn|232\n|\n|t:|1790556382\n|switch|p2a: Heatran|Heatran, F|86/100\n|switch|p1a: Zapdos|Zapdos|83/100\n|-ability|p1a: Zapdos|Pressure\n|\n|-heal|p2a: Heatran|92/100|[from] Grassy Terrain\n|-heal|p2a: Heatran|98/100|[from] item: Leftovers\n|-fieldend|move: Grassy Terrain\n|upkeep\n|turn|233\n|inactive|acendin has 90 seconds left.\n|\n|t:|1790556395\n|switch|p1a: Slowking|Slowking, F|100/100 brn\n|move|p2a: Heatran|Toxic||[still]\n|-fail|p2a: Heatran\n|\n|-heal|p2a: Heatran|100/100|[from] item: Leftovers\n|-damage|p1a: Slowking|94/100 brn|[from] brn\n|upkeep\n|turn|234\n|\n|t:|1790556404\n|move|p2a: Heatran|Protect|p2a: Heatran\n|-singleturn|p2a: Heatran|Protect\n|move|p1a: Slowking|Dragon Tail|p2a: Heatran\n|-activate|p2a: Heatran|move: Protect\n|\n|-damage|p1a: Slowking|88/100 brn|[from] brn\n|upkeep\n|turn|235\n|\n|t:|1790556409\n|switch|p1a: Gastrodon|Gastrodon, F|74/100\n|move|p2a: Heatran|Earth Power|p1a: Gastrodon\n|-damage|p1a: Gastrodon|49/100\n|\n|-heal|p1a: Gastrodon|56/100|[from] item: Leftovers\n|upkeep\n|turn|236\n|\n|t:|1790556415\n|move|p2a: Heatran|Toxic|p1a: Gastrodon\n|-status|p1a: Gastrodon|tox\n|move|p1a: Gastrodon|Earthquake|p2a: Heatran\n|-supereffective|p2a: Heatran\n|-damage|p2a: Heatran|29/100\n|\n|-heal|p2a: Heatran|35/100|[from] item: Leftovers\n|-heal|p1a: Gastrodon|62/100 tox|[from] item: Leftovers\n|-damage|p1a: Gastrodon|56/100 tox|[from] psn\n|upkeep\n|turn|237\n|inactive|acendin has 90 seconds left.\n|\n|t:|1790556421\n|move|p2a: Heatran|Protect|p2a: Heatran\n|-singleturn|p2a: Heatran|Protect\n|move|p1a: Gastrodon|Recover|p1a: Gastrodon\n|-heal|p1a: Gastrodon|100/100 tox\n|\n|-heal|p2a: Heatran|41/100|[from] item: Leftovers\n|-damage|p1a: Gastrodon|88/100 tox|[from] psn\n|upkeep\n|turn|238\n|inactive|acendin has 90 seconds left.\n|\n|t:|1790556429\n|switch|p2a: Tornadus|Tornadus-Therian, M|100/100\n|switch|p1a: Blissey|Blissey, F|98/100\n|\n|-heal|p1a: Blissey|100/100|[from] item: Leftovers\n|upkeep\n|turn|239\n|\n|t:|1790556434\n|switch|p1a: Zapdos|Zapdos|83/100\n|-ability|p1a: Zapdos|Pressure\n|move|p2a: Tornadus|Knock Off|p1a: Zapdos\n|-damage|p1a: Zapdos|73/100\n|\n|upkeep\n|turn|240\n|inactive|acendin has 90 seconds left.\n|\n|t:|1790556440\n|switch|p2a: Garchomp|Garchomp, F|100/100\n|move|p1a: Zapdos|Roost|p1a: Zapdos\n|-heal|p1a: Zapdos|100/100\n|-singleturn|p1a: Zapdos|move: Roost\n|\n|upkeep\n|turn|241\n|\n|t:|1790556451\n|switch|p2a: Heatran|Heatran, F|41/100\n|switch|p1a: Corviknight|Corviknight, F|100/100\n|-ability|p1a: Corviknight|Pressure\n|\n|-heal|p2a: Heatran|48/100|[from] item: Leftovers\n|upkeep\n|turn|242\n|\n|t:|1790556467\n|switch|p1a: Slowking|Slowking, F|100/100 brn\n|move|p2a: Heatran|Protect||[still]\n|-fail|p2a: Heatran\n|\n|-heal|p2a: Heatran|54/100|[from] item: Leftovers\n|-damage|p1a: Slowking|94/100 brn|[from] brn\n|upkeep\n|turn|243\n|\n|t:|1790556473\n|switch|p2a: Toxapex|Toxapex, F|100/100 brn\n|switch|p1a: Blissey|Blissey, F|100/100\n|\n|-damage|p2a: Toxapex|94/100 brn|[from] brn\n|upkeep\n|turn|244\n|\n|t:|1790556478\n|switch|p1a: Slowking|Slowking, F|100/100 brn\n|move|p2a: Toxapex|Knock Off|p1a: Slowking\n|-supereffective|p1a: Slowking\n|-damage|p1a: Slowking|90/100 brn\n|\n|-damage|p2a: Toxapex|88/100 brn|[from] brn\n|-damage|p1a: Slowking|84/100 brn|[from] brn\n|upkeep\n|turn|245\n|\n|t:|1790556484\n|switch|p1a: Gastrodon|Gastrodon, F|88/100 tox\n|move|p2a: Toxapex|Toxic Spikes|p1a: Gastrodon\n|-sidestart|p1: geo13000|move: Toxic Spikes\n|\n|-heal|p1a: Gastrodon|94/100 tox|[from] item: Leftovers\n|-damage|p1a: Gastrodon|88/100 tox|[from] psn\n|-damage|p2a: Toxapex|82/100 brn|[from] brn\n|upkeep\n|turn|246\n|\n|t:|1790556490\n|switch|p1a: Toxapex|Toxapex, F|100/100\n|-sideend|p1: geo13000|move: Toxic Spikes|[of] p1a: Toxapex\n|move|p2a: Toxapex|Recover|p2a: Toxapex\n|-heal|p2a: Toxapex|100/100 brn\n|\n|-damage|p2a: Toxapex|94/100 brn|[from] brn\n|upkeep\n|turn|247\n|\n|t:|1790556492\n|switch|p1a: Slowking|Slowking, F|100/100 brn\n|move|p2a: Toxapex|Scald|p1a: Slowking\n|-resisted|p1a: Slowking\n|-damage|p1a: Slowking|95/100 brn\n|\n|-damage|p2a: Toxapex|88/100 brn|[from] brn\n|-damage|p1a: Slowking|89/100 brn|[from] brn\n|upkeep\n|turn|248\n|\n|t:|1790556499\n|switch|p1a: Gastrodon|Gastrodon, F|88/100 tox\n|move|p2a: Toxapex|Toxic Spikes|p1a: Gastrodon\n|-sidestart|p1: geo13000|move: Toxic Spikes\n|\n|-heal|p1a: Gastrodon|94/100 tox|[from] item: Leftovers\n|-damage|p1a: Gastrodon|88/100 tox|[from] psn\n|-damage|p2a: Toxapex|82/100 brn|[from] brn\n|upkeep\n|turn|249\n|\n|t:|1790556503\n|switch|p2a: Tornadus|Tornadus-Therian, M|100/100\n|switch|p1a: Toxapex|Toxapex, F|100/100\n|-sideend|p1: geo13000|move: Toxic Spikes|[of] p1a: Toxapex\n|\n|upkeep\n|turn|250\n|\n|t:|1790556518\n|move|p2a: Tornadus|U-turn|p1a: Toxapex\n|-resisted|p1a: Toxapex\n|-damage|p1a: Toxapex|96/100\n|\n|t:|1790556522\n|switch|p2a: Slowking|Slowking-Galar, F|100/100 brn|[from] U-turn\n|move|p1a: Toxapex|Knock Off|p2a: Slowking\n|-supereffective|p2a: Slowking\n|-damage|p2a: Slowking|77/100 brn\n|\n|-damage|p2a: Slowking|71/100 brn|[from] brn\n|upkeep\n|turn|251\n|\n|t:|1790556527\n|switch|p1a: Blissey|Blissey, F|100/100\n|move|p2a: Slowking|Future Sight|p1a: Blissey\n|-start|p2a: Slowking|move: Future Sight\n|\n|-damage|p2a: Slowking|65/100 brn|[from] brn\n|upkeep\n|turn|252\n|\n|t:|1790556533\n|switch|p2a: Rillaboom|Rillaboom, M|100/100\n|-fieldstart|move: Grassy Terrain|[from] ability: Grassy Surge|[of] p2a: Rillaboom\n|move|p1a: Blissey|Aromatherapy|p1a: Blissey\n|-activate|p1a: Blissey|move: Aromatherapy\n|-curestatus|p1: Slowking|brn|[msg]\n|-curestatus|p1: Gastrodon|tox|[msg]\n|\n|upkeep\n|turn|253\n|\n|t:|1790556543\n|switch|p1a: Zapdos|Zapdos|100/100\n|-ability|p1a: Zapdos|Pressure\n|move|p2a: Rillaboom|Swords Dance|p2a: Rillaboom\n|-boost|p2a: Rillaboom|atk|2\n|\n|-end|p1a: Zapdos|move: Future Sight\n|-damage|p1a: Zapdos|51/100\n|upkeep\n|turn|254\n|\n|t:|1790556548\n|move|p2a: Rillaboom|Grassy Glide|p1a: Zapdos\n|-resisted|p1a: Zapdos\n|-damage|p1a: Zapdos|16/100\n|move|p1a: Zapdos|Roost|p1a: Zapdos\n|-heal|p1a: Zapdos|66/100\n|-singleturn|p1a: Zapdos|move: Roost\n|\n|-heal|p1a: Zapdos|72/100|[from] Grassy Terrain\n|upkeep\n|turn|255\n|inactive|acendin has 60 seconds left.\n|\n|t:|1790556569\n|switch|p2a: Garchomp|Garchomp, F|100/100\n|move|p1a: Zapdos|Roost|p1a: Zapdos\n|-heal|p1a: Zapdos|100/100\n|-singleturn|p1a: Zapdos|move: Roost\n|\n|upkeep\n|turn|256\n|\n|t:|1790556577\n|switch|p1a: Corviknight|Corviknight, F|100/100\n|-ability|p1a: Corviknight|Pressure\n|move|p2a: Garchomp|Stealth Rock|p1a: Corviknight\n|-sidestart|p1: geo13000|move: Stealth Rock\n|\n|-fieldend|move: Grassy Terrain\n|upkeep\n|turn|257\n|\n|t:|1790556584\n|switch|p2a: Tornadus|Tornadus-Therian, M|100/100\n|move|p1a: Corviknight|Defog|p2a: Tornadus\n|-unboost|p2a: Tornadus|evasion|1\n|-sideend|p1: geo13000|Stealth Rock|[from] move: Defog|[of] p1a: Corviknight\n|\n|upkeep\n|turn|258\n|\n|t:|1790556593\n|switch|p1a: Gastrodon|Gastrodon, F|88/100\n|move|p2a: Tornadus|U-turn|p1a: Gastrodon\n|-damage|p1a: Gastrodon|77/100\n|\n|t:|1790556598\n|switch|p2a: Rillaboom|Rillaboom, M|100/100|[from] U-turn\n|-fieldstart|move: Grassy Terrain|[from] ability: Grassy Surge|[of] p2a: Rillaboom\n|\n|-heal|p1a: Gastrodon|84/100|[from] Grassy Terrain\n|-heal|p1a: Gastrodon|90/100|[from] item: Leftovers\n|upkeep\n|turn|259\n|\n|t:|1790556610\n|switch|p1a: Zapdos|Zapdos|100/100\n|-ability|p1a: Zapdos|Pressure\n|move|p2a: Rillaboom|Knock Off|p1a: Zapdos\n|-damage|p1a: Zapdos|85/100\n|\n|upkeep\n|turn|260\n|\n|t:|1790556615\n|switch|p2a: Garchomp|Garchomp, F|100/100\n|move|p1a: Zapdos|Discharge|p2a: Garchomp\n|-immune|p2a: Garchomp\n|\n|upkeep\n|turn|261\n|\n|t:|1790556624\n|switch|p1a: Corviknight|Corviknight, F|100/100\n|-ability|p1a: Corviknight|Pressure\n|move|p2a: Garchomp|Stealth Rock|p1a: Corviknight\n|-sidestart|p1: geo13000|move: Stealth Rock\n|\n|upkeep\n|turn|262\n|\n|t:|1790556636\n|move|p2a: Garchomp|Protect|p2a: Garchomp\n|-singleturn|p2a: Garchomp|Protect\n|move|p1a: Corviknight|Defog|p2a: Garchomp\n|-activate|p2a: Garchomp|move: Protect\n|\n|-fieldend|move: Grassy Terrain\n|upkeep\n|turn|263\n|\n|t:|1790556640\n|switch|p2a: Heatran|Heatran, F|54/100\n|move|p1a: Corviknight|Defog|p2a: Heatran\n|-unboost|p2a: Heatran|evasion|1\n|-sideend|p1: geo13000|Stealth Rock|[from] move: Defog|[of] p1a: Corviknight\n|\n|-heal|p2a: Heatran|60/100|[from] item: Leftovers\n|upkeep\n|turn|264\n|\n|t:|1790556650\n|switch|p1a: Slowking|Slowking, F|100/100\n|move|p2a: Heatran|Toxic|p1a: Slowking\n|-status|p1a: Slowking|tox\n|\n|-heal|p2a: Heatran|66/100|[from] item: Leftovers\n|-damage|p1a: Slowking|94/100 tox|[from] psn\n|upkeep\n|turn|265\n|\n|t:|1790556659\n|switch|p1a: Blissey|Blissey, F|100/100\n|move|p2a: Heatran|Protect||[still]\n|-fail|p2a: Heatran\n|\n|-heal|p2a: Heatran|73/100|[from] item: Leftovers\n|upkeep\n|turn|266\n|inactive|acendin has 30 seconds left.\n|\n|t:|1790556670\n|switch|p2a: Slowking|Slowking-Galar, F|98/100 brn\n|switch|p1a: Slowking|Slowking, F|100/100 tox\n|\n|-damage|p1a: Slowking|94/100 tox|[from] psn\n|-damage|p2a: Slowking|92/100 brn|[from] brn\n|upkeep\n|turn|267\n|inactive|acendin has 30 seconds left this turn.\n|\n|t:|1790556681\n|switch|p1a: Blissey|Blissey, F|100/100\n|move|p2a: Slowking|Future Sight|p1a: Blissey\n|-hint|In Gen 8+, Future attacks will never resolve when used on the 255th turn or later.\n|-start|p2a: Slowking|move: Future Sight\n|\n|-damage|p2a: Slowking|86/100 brn|[from] brn\n|upkeep\n|turn|268\n|inactive|acendin has 30 seconds left this turn.\n|\n|t:|1790556686\n|switch|p1a: Zapdos|Zapdos|85/100\n|-ability|p1a: Zapdos|Pressure\n|switch|p2a: Rillaboom|Rillaboom, M|100/100\n|-fieldstart|move: Grassy Terrain|[from] ability: Grassy Surge|[of] p2a: Rillaboom\n|\n|upkeep\n|turn|269\n|inactive|acendin has 30 seconds left this turn.\n|inactive|acendin has 20 seconds left.\n|\n|t:|1790556696\n|move|p1a: Zapdos|Discharge|p2a: Rillaboom\n|-resisted|p2a: Rillaboom\n|-damage|p2a: Rillaboom|81/100\n|move|p2a: Rillaboom|Swords Dance|p2a: Rillaboom\n|-boost|p2a: Rillaboom|atk|2\n|\n|-heal|p2a: Rillaboom|88/100|[from] Grassy Terrain\n|-heal|p2a: Rillaboom|94/100|[from] item: Leftovers\n|upkeep\n|turn|270\n|inactive|acendin has 25 seconds left this turn.\n|inactive|acendin has 20 seconds left.\n|inactive|acendin has 15 seconds left.\n|\n|t:|1790556711\n|move|p1a: Zapdos|Heat Wave|p2a: Rillaboom\n|-supereffective|p2a: Rillaboom\n|-damage|p2a: Rillaboom|37/100\n|move|p2a: Rillaboom|Superpower|p1a: Zapdos\n|-resisted|p1a: Zapdos\n|-damage|p1a: Zapdos|52/100\n|-unboost|p2a: Rillaboom|atk|1\n|-unboost|p2a: Rillaboom|def|1\n|\n|-heal|p2a: Rillaboom|44/100|[from] Grassy Terrain\n|-heal|p2a: Rillaboom|50/100|[from] item: Leftovers\n|upkeep\n|turn|271\n|inactive|acendin has 15 seconds left this turn.\n|c|\u2606acendin|oh\n|\n|t:|1790556718\n|switch|p2a: Slowking|Slowking-Galar, F|100/100 brn\n|move|p1a: Zapdos|Roost|p1a: Zapdos\n|-heal|p1a: Zapdos|100/100\n|-singleturn|p1a: Zapdos|move: Roost\n|\n|-damage|p2a: Slowking|94/100 brn|[from] brn\n|upkeep\n|turn|272\n|inactive|acendin has 20 seconds left this turn.\n|inactive|acendin has 15 seconds left.\n|c|\u2606acendin|didn\u00b4t know that about fsight\n|\n|t:|1790556727\n|switch|p1a: Blissey|Blissey, F|100/100\n|move|p2a: Slowking|Sludge Bomb|p1a: Blissey\n|-damage|p1a: Blissey|86/100\n|\n|-heal|p1a: Blissey|93/100|[from] Grassy Terrain\n|-heal|p1a: Blissey|99/100|[from] item: Leftovers\n|-heal|p2a: Slowking|100/100 brn|[from] Grassy Terrain\n|-damage|p2a: Slowking|94/100 brn|[from] brn\n|-fieldend|move: Grassy Terrain\n|upkeep\n|turn|273\n|inactive|acendin has 15 seconds left this turn.\n|inactive|geo13000 has 120 seconds left.\n|\n|t:|1790556738\n|switch|p2a: Toxapex|Toxapex, F|100/100 brn\n|move|p1a: Blissey|Stealth Rock|p2a: Toxapex\n|-sidestart|p2: acendin|move: Stealth Rock\n|\n|-heal|p1a: Blissey|100/100|[from] item: Leftovers\n|-damage|p2a: Toxapex|94/100 brn|[from] brn\n|upkeep\n|turn|274\n|inactive|acendin has 20 seconds left this turn.\n|inactive|acendin has 15 seconds left.\n|\n|t:|1790556746\n|switch|p1a: Slowking|Slowking, F|100/100 tox\n|move|p2a: Toxapex|Toxic Spikes|p1a: Slowking\n|-sidestart|p1: geo13000|move: Toxic Spikes\n|\n|-damage|p1a: Slowking|94/100 tox|[from] psn\n|-damage|p2a: Toxapex|88/100 brn|[from] brn\n|upkeep\n|turn|275\n|inactive|acendin has 15 seconds left this turn.\n|\n|t:|1790556751\n|move|p2a: Toxapex|Knock Off|p1a: Slowking\n|-supereffective|p1a: Slowking\n|-damage|p1a: Slowking|85/100 tox\n|move|p1a: Slowking|Teleport|p1a: Slowking\n|\n|t:|1790556754\n|switch|p1a: Toxapex|Toxapex, F|100/100|[from] Teleport\n|-sideend|p1: geo13000|move: Toxic Spikes|[of] p1a: Toxapex\n|\n|-damage|p2a: Toxapex|82/100 brn|[from] brn\n|upkeep\n|turn|276\n|inactive|acendin has 20 seconds left this turn.\n|\n|t:|1790556758\n|switch|p1a: Slowking|Slowking, F|100/100 tox\n|move|p2a: Toxapex|Knock Off|p1a: Slowking\n|-supereffective|p1a: Slowking\n|-damage|p1a: Slowking|91/100 tox\n|\n|-damage|p1a: Slowking|85/100 tox|[from] psn\n|-damage|p2a: Toxapex|75/100 brn|[from] brn\n|upkeep\n|turn|277\n|inactive|acendin has 25 seconds left this turn.\n|inactive|geo13000 has 120 seconds left.\n|\n|t:|1790556766\n|move|p2a: Toxapex|Toxic Spikes|p1a: Slowking\n|-sidestart|p1: geo13000|move: Toxic Spikes\n|move|p1a: Slowking|Teleport|p1a: Slowking\n|\n|t:|1790556768\n|switch|p1a: Toxapex|Toxapex, F|100/100|[from] Teleport\n|-sideend|p1: geo13000|move: Toxic Spikes|[of] p1a: Toxapex\n|\n|-damage|p2a: Toxapex|69/100 brn|[from] brn\n|upkeep\n|turn|278\n|\n|t:|1790556773\n|switch|p2a: Slowking|Slowking-Galar, F|100/100 brn\n|-damage|p2a: Slowking|88/100 brn|[from] Stealth Rock\n|move|p1a: Toxapex|Haze|p1a: Toxapex\n|-clearallboost\n|\n|-damage|p2a: Slowking|82/100 brn|[from] brn\n|upkeep\n|turn|279\n|inactive|geo13000 has 120 seconds left.\n|\n|t:|1790556788\n|switch|p2a: Toxapex|Toxapex, F|100/100 brn\n|-damage|p2a: Toxapex|88/100 brn|[from] Stealth Rock\n|move|p1a: Toxapex|Knock Off|p2a: Toxapex\n|-damage|p2a: Toxapex|81/100 brn\n|\n|-damage|p2a: Toxapex|75/100 brn|[from] brn\n|upkeep\n|turn|280\n|\n|t:|1790556794\n|switch|p2a: Slowking|Slowking-Galar, F|100/100 brn\n|-damage|p2a: Slowking|88/100 brn|[from] Stealth Rock\n|switch|p1a: Slowking|Slowking, F|100/100 tox\n|\n|-damage|p1a: Slowking|94/100 tox|[from] psn\n|-damage|p2a: Slowking|82/100 brn|[from] brn\n|upkeep\n|turn|281\n|\n|t:|1790556799\n|switch|p2a: Toxapex|Toxapex, F|100/100 brn\n|-damage|p2a: Toxapex|88/100 brn|[from] Stealth Rock\n|switch|p1a: Blissey|Blissey, F|100/100\n|\n|-damage|p2a: Toxapex|82/100 brn|[from] brn\n|upkeep\n|turn|282\n|\n|t:|1790556804\n|switch|p1a: Slowking|Slowking, F|100/100 tox\n|move|p2a: Toxapex|Knock Off|p1a: Slowking\n|-supereffective|p1a: Slowking\n|-damage|p1a: Slowking|90/100 tox\n|\n|-damage|p1a: Slowking|84/100 tox|[from] psn\n|-damage|p2a: Toxapex|75/100 brn|[from] brn\n|upkeep\n|turn|283\n|\n|t:|1790556808\n|switch|p2a: Slowking|Slowking-Galar, F|100/100 brn\n|-damage|p2a: Slowking|88/100 brn|[from] Stealth Rock\n|switch|p1a: Toxapex|Toxapex, F|100/100\n|\n|-damage|p2a: Slowking|82/100 brn|[from] brn\n|upkeep\n|turn|284\n|\n|t:|1790556812\n|switch|p1a: Blissey|Blissey, F|100/100\n|switch|p2a: Toxapex|Toxapex, F|100/100 brn\n|-damage|p2a: Toxapex|88/100 brn|[from] Stealth Rock\n|\n|-damage|p2a: Toxapex|82/100 brn|[from] brn\n|upkeep\n|turn|285\n|\n|t:|1790556816\n|switch|p1a: Slowking|Slowking, F|100/100 tox\n|switch|p2a: Slowking|Slowking-Galar, F|100/100 brn\n|-damage|p2a: Slowking|88/100 brn|[from] Stealth Rock\n|\n|-damage|p1a: Slowking|94/100 tox|[from] psn\n|-damage|p2a: Slowking|82/100 brn|[from] brn\n|upkeep\n|turn|286\n|\n|t:|1790556825\n|switch|p2a: Toxapex|Toxapex, F|100/100 brn\n|-damage|p2a: Toxapex|88/100 brn|[from] Stealth Rock\n|move|p1a: Slowking|Scald|p2a: Toxapex\n|-resisted|p2a: Toxapex\n|-damage|p2a: Toxapex|78/100 brn\n|\n|-damage|p1a: Slowking|82/100 tox|[from] psn\n|-damage|p2a: Toxapex|72/100 brn|[from] brn\n|upkeep\n|turn|287\n|\n|t:|1790556836\n|switch|p2a: Slowking|Slowking-Galar, F|100/100 brn\n|-damage|p2a: Slowking|88/100 brn|[from] Stealth Rock\n|switch|p1a: Toxapex|Toxapex, F|100/100\n|\n|-damage|p2a: Slowking|82/100 brn|[from] brn\n|upkeep\n|turn|288\n|\n|t:|1790556842\n|switch|p1a: Slowking|Slowking, F|100/100 tox\n|switch|p2a: Toxapex|Toxapex, F|100/100 brn\n|-damage|p2a: Toxapex|88/100 brn|[from] Stealth Rock\n|\n|-damage|p1a: Slowking|94/100 tox|[from] psn\n|-damage|p2a: Toxapex|82/100 brn|[from] brn\n|upkeep\n|turn|289\n|\n|t:|1790556848\n|switch|p2a: Tornadus|Tornadus-Therian, M|100/100\n|switch|p1a: Blissey|Blissey, F|100/100\n|\n|upkeep\n|turn|290\n|\n|t:|1790556855\n|switch|p1a: Zapdos|Zapdos|100/100\n|-ability|p1a: Zapdos|Pressure\n|move|p2a: Tornadus|Defog|p1a: Zapdos\n|-unboost|p1a: Zapdos|evasion|1\n|-sideend|p2: acendin|Stealth Rock|[from] move: Defog|[of] p2a: Tornadus\n|\n|upkeep\n|turn|291\n|inactive|geo13000 has 120 seconds left.\n|\n|t:|1790556865\n|switch|p1a: Gastrodon|Gastrodon, F|90/100\n|move|p2a: Tornadus|U-turn|p1a: Gastrodon\n|-damage|p1a: Gastrodon|79/100\n|\n|t:|1790556868\n|switch|p2a: Rillaboom|Rillaboom, M|50/100|[from] U-turn\n|-fieldstart|move: Grassy Terrain|[from] ability: Grassy Surge|[of] p2a: Rillaboom\n|\n|-heal|p2a: Rillaboom|56/100|[from] Grassy Terrain\n|-heal|p2a: Rillaboom|62/100|[from] item: Leftovers\n|-heal|p1a: Gastrodon|86/100|[from] Grassy Terrain\n|-heal|p1a: Gastrodon|92/100|[from] item: Leftovers\n|upkeep\n|turn|292\n|\n|t:|1790556872\n|switch|p1a: Zapdos|Zapdos|100/100\n|-ability|p1a: Zapdos|Pressure\n|move|p2a: Rillaboom|Grassy Glide|p1a: Zapdos\n|-resisted|p1a: Zapdos\n|-crit|p1a: Zapdos\n|-damage|p1a: Zapdos|74/100\n|\n|-heal|p2a: Rillaboom|69/100|[from] Grassy Terrain\n|-heal|p2a: Rillaboom|75/100|[from] item: Leftovers\n|upkeep\n|turn|293\n|\n|t:|1790556878\n|switch|p2a: Garchomp|Garchomp, F|100/100\n|move|p1a: Zapdos|Roost|p1a: Zapdos\n|-heal|p1a: Zapdos|100/100\n|-singleturn|p1a: Zapdos|move: Roost\n|\n|upkeep\n|turn|294\n|\n|t:|1790556880\n|switch|p2a: Toxapex|Toxapex, F|100/100 brn\n|switch|p1a: Corviknight|Corviknight, F|100/100\n|-ability|p1a: Corviknight|Pressure\n|\n|-damage|p2a: Toxapex|94/100 brn|[from] brn\n|upkeep\n|turn|295\n|\n|t:|1790556887\n|switch|p1a: Slowking|Slowking, F|100/100 tox\n|switch|p2a: Slowking|Slowking-Galar, F|100/100 brn\n|\n|-damage|p1a: Slowking|94/100 tox|[from] psn\n|-damage|p2a: Slowking|94/100 brn|[from] brn\n|-fieldend|move: Grassy Terrain\n|upkeep\n|turn|296\n|\n|t:|1790556890\n|switch|p2a: Toxapex|Toxapex, F|100/100 brn\n|switch|p1a: Blissey|Blissey, F|100/100\n|\n|-damage|p2a: Toxapex|94/100 brn|[from] brn\n|upkeep\n|turn|297\n|\n|t:|1790556893\n|switch|p1a: Slowking|Slowking, F|100/100 tox\n|switch|p2a: Slowking|Slowking-Galar, F|100/100 brn\n|\n|-damage|p1a: Slowking|94/100 tox|[from] psn\n|-damage|p2a: Slowking|94/100 brn|[from] brn\n|upkeep\n|turn|298\n|\n|t:|1790556896\n|switch|p2a: Toxapex|Toxapex, F|100/100 brn\n|switch|p1a: Blissey|Blissey, F|100/100\n|\n|-damage|p2a: Toxapex|94/100 brn|[from] brn\n|upkeep\n|turn|299\n|\n|t:|1790556901\n|switch|p1a: Slowking|Slowking, F|100/100 tox\n|move|p2a: Toxapex|Knock Off|p1a: Slowking\n|-supereffective|p1a: Slowking\n|-damage|p1a: Slowking|91/100 tox\n|\n|-damage|p1a: Slowking|85/100 tox|[from] psn\n|-damage|p2a: Toxapex|88/100 brn|[from] brn\n|upkeep\n|turn|300\n|\n|t:|1790556904\n|switch|p2a: Slowking|Slowking-Galar, F|100/100 brn\n|switch|p1a: Toxapex|Toxapex, F|100/100\n|\n|-damage|p2a: Slowking|94/100 brn|[from] brn\n|upkeep\n|turn|301\n|\n|t:|1790556907\n|switch|p1a: Blissey|Blissey, F|100/100\n|switch|p2a: Toxapex|Toxapex, F|100/100 brn\n|\n|-damage|p2a: Toxapex|94/100 brn|[from] brn\n|upkeep\n|turn|302\n|inactive|acendin has 60 seconds left.\n|\n|t:|1790556912\n|switch|p1a: Slowking|Slowking, F|100/100 tox\n|switch|p2a: Rillaboom|Rillaboom, M|75/100\n|-fieldstart|move: Grassy Terrain|[from] ability: Grassy Surge|[of] p2a: Rillaboom\n|\n|-heal|p2a: Rillaboom|81/100|[from] Grassy Terrain\n|-heal|p2a: Rillaboom|87/100|[from] item: Leftovers\n|-damage|p1a: Slowking|94/100 tox|[from] psn\n|upkeep\n|turn|303\n|\n|t:|1790556917\n|switch|p2a: Slowking|Slowking-Galar, F|100/100 brn\n|switch|p1a: Zapdos|Zapdos|100/100\n|-ability|p1a: Zapdos|Pressure\n|\n|-damage|p2a: Slowking|94/100 brn|[from] brn\n|upkeep\n|turn|304\n|\n|t:|1790556922\n|switch|p1a: Blissey|Blissey, F|100/100\n|move|p2a: Slowking|Ice Beam|p1a: Blissey\n|-crit|p1a: Blissey\n|-damage|p1a: Blissey|87/100\n|\n|-heal|p1a: Blissey|93/100|[from] Grassy Terrain\n|-heal|p1a: Blissey|99/100|[from] item: Leftovers\n|-heal|p2a: Slowking|100/100 brn|[from] Grassy Terrain\n|-damage|p2a: Slowking|94/100 brn|[from] brn\n|upkeep\n|turn|305\n|\n|t:|1790556928\n|switch|p2a: Rillaboom|Rillaboom, M|87/100\n|move|p1a: Blissey|Stealth Rock|p2a: Rillaboom\n|-sidestart|p2: acendin|move: Stealth Rock\n|\n|-heal|p2a: Rillaboom|94/100|[from] Grassy Terrain\n|-heal|p2a: Rillaboom|99/100|[from] item: Leftovers\n|-heal|p1a: Blissey|100/100|[from] Grassy Terrain\n|upkeep\n|turn|306\n|\n|t:|1790556944\n|switch|p2a: Garchomp|Garchomp, F|100/100\n|-damage|p2a: Garchomp|94/100|[from] Stealth Rock\n|switch|p1a: Zapdos|Zapdos|100/100\n|-ability|p1a: Zapdos|Pressure\n|\n|-heal|p2a: Garchomp|100/100|[from] Grassy Terrain\n|-fieldend|move: Grassy Terrain\n|upkeep\n|turn|307\n|\n|t:|1790556951\n|switch|p1a: Corviknight|Corviknight, F|100/100\n|-ability|p1a: Corviknight|Pressure\n|move|p2a: Garchomp|Stealth Rock|p1a: Corviknight\n|-sidestart|p1: geo13000|move: Stealth Rock\n|\n|upkeep\n|turn|308\n|\n|t:|1790556954\n|switch|p2a: Toxapex|Toxapex, F|100/100 brn\n|-damage|p2a: Toxapex|88/100 brn|[from] Stealth Rock\n|move|p1a: Corviknight|Defog|p2a: Toxapex\n|-unboost|p2a: Toxapex|evasion|1\n|-sideend|p2: acendin|Stealth Rock|[from] move: Defog|[of] p1a: Corviknight\n|-sideend|p1: geo13000|Stealth Rock|[from] move: Defog|[of] p1a: Corviknight\n|\n|-damage|p2a: Toxapex|82/100 brn|[from] brn\n|upkeep\n|turn|309\n|\n|t:|1790556961\n|switch|p1a: Slowking|Slowking, F|100/100 tox\n|switch|p2a: Slowking|Slowking-Galar, F|100/100 brn\n|\n|-damage|p1a: Slowking|94/100 tox|[from] psn\n|-damage|p2a: Slowking|94/100 brn|[from] brn\n|upkeep\n|turn|310\n|\n|t:|1790556968\n|switch|p2a: Toxapex|Toxapex, F|100/100 brn\n|switch|p1a: Toxapex|Toxapex, F|100/100\n|\n|-damage|p2a: Toxapex|94/100 brn|[from] brn\n|upkeep\n|turn|311\n|\n|t:|1790556973\n|switch|p1a: Slowking|Slowking, F|100/100 tox\n|switch|p2a: Slowking|Slowking-Galar, F|100/100 brn\n|\n|-damage|p1a: Slowking|94/100 tox|[from] psn\n|-damage|p2a: Slowking|94/100 brn|[from] brn\n|upkeep\n|turn|312\n|\n|t:|1790556977\n|switch|p2a: Toxapex|Toxapex, F|100/100 brn\n|switch|p1a: Toxapex|Toxapex, F|100/100\n|\n|-damage|p2a: Toxapex|94/100 brn|[from] brn\n|upkeep\n|turn|313\n|\n|t:|1790556980\n|switch|p2a: Slowking|Slowking-Galar, F|100/100 brn\n|switch|p1a: Slowking|Slowking, F|100/100 tox\n|\n|-damage|p1a: Slowking|94/100 tox|[from] psn\n|-damage|p2a: Slowking|94/100 brn|[from] brn\n|upkeep\n|turn|314\n|\n|t:|1790556983\n|switch|p2a: Toxapex|Toxapex, F|100/100 brn\n|switch|p1a: Toxapex|Toxapex, F|100/100\n|\n|-damage|p2a: Toxapex|94/100 brn|[from] brn\n|upkeep\n|turn|315\n|\n|t:|1790556985\n|switch|p2a: Slowking|Slowking-Galar, F|100/100 brn\n|switch|p1a: Blissey|Blissey, F|100/100\n|\n|-damage|p2a: Slowking|94/100 brn|[from] brn\n|upkeep\n|turn|316\n|\n|t:|1790556988\n|switch|p2a: Toxapex|Toxapex, F|100/100 brn\n|move|p1a: Blissey|Stealth Rock|p2a: Toxapex\n|-sidestart|p2: acendin|move: Stealth Rock\n|\n|-damage|p2a: Toxapex|94/100 brn|[from] brn\n|upkeep\n|turn|317\n|\n|t:|1790556993\n|switch|p1a: Toxapex|Toxapex, F|100/100\n|switch|p2a: Tornadus|Tornadus-Therian, M|100/100\n|\n|upkeep\n|turn|318\n|\n|t:|1790556996\n|move|p2a: Tornadus|U-turn|p1a: Toxapex\n|-resisted|p1a: Toxapex\n|-damage|p1a: Toxapex|96/100\n|\n|t:|1790556998\n|switch|p2a: Toxapex|Toxapex, F|100/100 brn|[from] U-turn\n|-damage|p2a: Toxapex|88/100 brn|[from] Stealth Rock\n|move|p1a: Toxapex|Toxic||[still]\n|-fail|p1a: Toxapex\n|\n|-damage|p2a: Toxapex|82/100 brn|[from] brn\n|upkeep\n|turn|319\n|inactive|acendin has 90 seconds left.\n|\n|t:|1790557005\n|switch|p1a: Slowking|Slowking, F|100/100 tox\n|move|p2a: Toxapex|Recover|p2a: Toxapex\n|-heal|p2a: Toxapex|100/100 brn\n|\n|-damage|p1a: Slowking|94/100 tox|[from] psn\n|-damage|p2a: Toxapex|94/100 brn|[from] brn\n|upkeep\n|turn|320\n|\n|t:|1790557014\n|switch|p2a: Tornadus|Tornadus-Therian, M|100/100\n|switch|p1a: Toxapex|Toxapex, F|100/100\n|\n|upkeep\n|turn|321\n|inactive|acendin has 90 seconds left.\n|\n|t:|1790557020\n|switch|p1a: Corviknight|Corviknight, F|100/100\n|-ability|p1a: Corviknight|Pressure\n|move|p2a: Tornadus|U-turn|p1a: Corviknight\n|-resisted|p1a: Corviknight\n|-damage|p1a: Corviknight|98/100\n|\n|t:|1790557025\n|switch|p2a: Heatran|Heatran, F|73/100|[from] U-turn\n|-damage|p2a: Heatran|60/100|[from] Stealth Rock\n|\n|-heal|p2a: Heatran|66/100|[from] item: Leftovers\n|upkeep\n|turn|322\n|\n|t:|1790557029\n|switch|p1a: Slowking|Slowking, F|100/100 tox\n|move|p2a: Heatran|Magma Storm|p1a: Slowking|[miss]\n|-miss|p2a: Heatran|p1a: Slowking\n|\n|-heal|p2a: Heatran|73/100|[from] item: Leftovers\n|-damage|p1a: Slowking|94/100 tox|[from] psn\n|upkeep\n|turn|323\n|\n|t:|1790557036\n|switch|p2a: Rillaboom|Rillaboom, M|99/100\n|-damage|p2a: Rillaboom|87/100|[from] Stealth Rock\n|-fieldstart|move: Grassy Terrain|[from] ability: Grassy Surge|[of] p2a: Rillaboom\n|switch|p1a: Blissey|Blissey, F|100/100\n|\n|-heal|p2a: Rillaboom|94/100|[from] Grassy Terrain\n|-heal|p2a: Rillaboom|99/100|[from] item: Leftovers\n|upkeep\n|turn|324\n|inactive|acendin has 90 seconds left.\n|\n|t:|1790557045\n|switch|p1a: Zapdos|Zapdos|100/100\n|-ability|p1a: Zapdos|Pressure\n|move|p2a: Rillaboom|Swords Dance|p2a: Rillaboom\n|-boost|p2a: Rillaboom|atk|2\n|\n|-heal|p2a: Rillaboom|100/100|[from] Grassy Terrain\n|upkeep\n|turn|325\n|inactive|acendin has 90 seconds left.\n|\n|t:|1790557054\n|switch|p2a: Garchomp|Garchomp, F|100/100\n|-damage|p2a: Garchomp|94/100|[from] Stealth Rock\n|move|p1a: Zapdos|Heat Wave|p2a: Garchomp\n|-resisted|p2a: Garchomp\n|-damage|p2a: Garchomp|85/100\n|\n|-heal|p2a: Garchomp|91/100|[from] Grassy Terrain\n|-heal|p2a: Garchomp|97/100|[from] item: Leftovers\n|upkeep\n|turn|326\n|\n|t:|1790557058\n|switch|p2a: Slowking|Slowking-Galar, F|100/100 brn\n|-damage|p2a: Slowking|88/100 brn|[from] Stealth Rock\n|switch|p1a: Corviknight|Corviknight, F|98/100\n|-ability|p1a: Corviknight|Pressure\n|\n|-heal|p2a: Slowking|94/100 brn|[from] Grassy Terrain\n|-damage|p2a: Slowking|88/100 brn|[from] brn\n|upkeep\n|turn|327\n|inactive|acendin has 90 seconds left.\n|\n|t:|1790557063\n|switch|p1a: Blissey|Blissey, F|100/100\n|move|p2a: Slowking|Future Sight||[still]\n|-fail|p2a: Slowking\n|\n|-heal|p2a: Slowking|94/100 brn|[from] Grassy Terrain\n|-damage|p2a: Slowking|88/100 brn|[from] brn\n|-fieldend|move: Grassy Terrain\n|upkeep\n|turn|328\n|\n|t:|1790557076\n|switch|p2a: Toxapex|Toxapex, F|100/100 brn\n|-damage|p2a: Toxapex|88/100 brn|[from] Stealth Rock\n|move|p1a: Blissey|Seismic Toss|p2a: Toxapex\n|-damage|p2a: Toxapex|55/100 brn\n|\n|-damage|p2a: Toxapex|49/100 brn|[from] brn\n|upkeep\n|turn|329\n|\n|t:|1790557085\n|switch|p1a: Slowking|Slowking, F|100/100 tox\n|switch|p2a: Tornadus|Tornadus-Therian, M|100/100\n|\n|-damage|p1a: Slowking|94/100 tox|[from] psn\n|upkeep\n|turn|330\n|\n|t:|1790557089\n|switch|p1a: Zapdos|Zapdos|100/100\n|-ability|p1a: Zapdos|Pressure\n|move|p2a: Tornadus|Defog|p1a: Zapdos\n|-unboost|p1a: Zapdos|evasion|1\n|-sideend|p2: acendin|Stealth Rock|[from] move: Defog|[of] p2a: Tornadus\n|\n|upkeep\n|turn|331\n|\n|t:|1790557096\n|switch|p1a: Gastrodon|Gastrodon, F|92/100\n|move|p2a: Tornadus|Heat Wave|p1a: Gastrodon\n|-resisted|p1a: Gastrodon\n|-damage|p1a: Gastrodon|82/100\n|\n|-heal|p1a: Gastrodon|88/100|[from] item: Leftovers\n|upkeep\n|turn|332\n|\n|t:|1790557100\n|switch|p1a: Zapdos|Zapdos|100/100\n|-ability|p1a: Zapdos|Pressure\n|move|p2a: Tornadus|U-turn|p1a: Zapdos\n|-resisted|p1a: Zapdos\n|-damage|p1a: Zapdos|95/100\n|\n|t:|1790557103\n|switch|p2a: Garchomp|Garchomp, F|97/100|[from] U-turn\n|\n|-heal|p2a: Garchomp|100/100|[from] item: Leftovers\n|upkeep\n|turn|333\n|\n|t:|1790557108\n|switch|p1a: Corviknight|Corviknight, F|98/100\n|-ability|p1a: Corviknight|Pressure\n|move|p2a: Garchomp|Stealth Rock|p1a: Corviknight\n|-sidestart|p1: geo13000|move: Stealth Rock\n|\n|upkeep\n|turn|334\n|\n|t:|1790557111\n|switch|p2a: Heatran|Heatran, F|73/100\n|move|p1a: Corviknight|Defog|p2a: Heatran\n|-unboost|p2a: Heatran|evasion|1\n|-sideend|p1: geo13000|Stealth Rock|[from] move: Defog|[of] p1a: Corviknight\n|\n|-heal|p2a: Heatran|79/100|[from] item: Leftovers\n|upkeep\n|turn|335\n|\n|t:|1790557118\n|switch|p1a: Slowking|Slowking, F|100/100 tox\n|move|p2a: Heatran|Magma Storm|p1a: Slowking|[miss]\n|-miss|p2a: Heatran|p1a: Slowking\n|\n|-heal|p2a: Heatran|85/100|[from] item: Leftovers\n|-damage|p1a: Slowking|94/100 tox|[from] psn\n|upkeep\n|turn|336\n|\n|t:|1790557130\n|move|p2a: Heatran|Earth Power|p1a: Slowking\n|-damage|p1a: Slowking|79/100 tox\n|move|p1a: Slowking|Scald|p2a: Heatran\n|-supereffective|p2a: Heatran\n|-damage|p2a: Heatran|38/100\n|\n|-heal|p2a: Heatran|44/100|[from] item: Leftovers\n|-damage|p1a: Slowking|66/100 tox|[from] psn\n|upkeep\n|turn|337\n|\n|t:|1790557135\n|move|p2a: Heatran|Protect|p2a: Heatran\n|-singleturn|p2a: Heatran|Protect\n|move|p1a: Slowking|Dragon Tail|p2a: Heatran\n|-activate|p2a: Heatran|move: Protect\n|\n|-heal|p2a: Heatran|50/100|[from] item: Leftovers\n|-damage|p1a: Slowking|48/100 tox|[from] psn\n|upkeep\n|turn|338\n|\n|t:|1790557146\n|move|p2a: Heatran|Earth Power|p1a: Slowking\n|-damage|p1a: Slowking|32/100 tox\n|move|p1a: Slowking|Slack Off|p1a: Slowking\n|-heal|p1a: Slowking|82/100 tox\n|\n|-heal|p2a: Heatran|56/100|[from] item: Leftovers\n|-damage|p1a: Slowking|57/100 tox|[from] psn\n|upkeep\n|turn|339\n|inactive|geo13000 has 120 seconds left.\n|inactive|acendin has 90 seconds left.\n|\n|t:|1790557152\n|switch|p2a: Rillaboom|Rillaboom, M|100/100\n|-fieldstart|move: Grassy Terrain|[from] ability: Grassy Surge|[of] p2a: Rillaboom\n|switch|p1a: Blissey|Blissey, F|100/100\n|\n|upkeep\n|turn|340\n|inactive|acendin has 90 seconds left.\n|\n|t:|1790557163\n|switch|p1a: Zapdos|Zapdos|95/100\n|-ability|p1a: Zapdos|Pressure\n|move|p2a: Rillaboom|Swords Dance|p2a: Rillaboom\n|-boost|p2a: Rillaboom|atk|2\n|\n|upkeep\n|turn|341\n|inactive|geo13000 has 120 seconds left.\n|\n|t:|1790557172\n|move|p2a: Rillaboom|Grassy Glide|p1a: Zapdos\n|-resisted|p1a: Zapdos\n|-crit|p1a: Zapdos\n|-damage|p1a: Zapdos|43/100\n|move|p1a: Zapdos|Discharge|p2a: Rillaboom\n|-resisted|p2a: Rillaboom\n|-damage|p2a: Rillaboom|83/100\n|\n|-heal|p2a: Rillaboom|89/100|[from] Grassy Terrain\n|-heal|p2a: Rillaboom|96/100|[from] item: Leftovers\n|upkeep\n|turn|342\n|\n|t:|1790557183\n|move|p2a: Rillaboom|Grassy Glide|p1a: Zapdos\n|-resisted|p1a: Zapdos\n|-damage|p1a: Zapdos|10/100\n|move|p1a: Zapdos|Roost|p1a: Zapdos\n|-heal|p1a: Zapdos|60/100\n|-singleturn|p1a: Zapdos|move: Roost\n|\n|-heal|p1a: Zapdos|66/100|[from] Grassy Terrain\n|-heal|p2a: Rillaboom|100/100|[from] Grassy Terrain\n|upkeep\n|turn|343\n|\n|t:|1790557195\n|switch|p2a: Garchomp|Garchomp, F|100/100\n|move|p1a: Zapdos|Roost|p1a: Zapdos\n|-heal|p1a: Zapdos|100/100\n|-singleturn|p1a: Zapdos|move: Roost\n|\n|-fieldend|move: Grassy Terrain\n|upkeep\n|turn|344\n|\n|t:|1790557199\n|switch|p2a: Heatran|Heatran, F|56/100\n|switch|p1a: Corviknight|Corviknight, F|98/100\n|-ability|p1a: Corviknight|Pressure\n|\n|-heal|p2a: Heatran|63/100|[from] item: Leftovers\n|upkeep\n|turn|345\n|inactive|geo13000 has 120 seconds left.\n|\n|t:|1790557211\n|switch|p1a: Blissey|Blissey, F|100/100\n|move|p2a: Heatran|Magma Storm|p1a: Blissey\n|-damage|p1a: Blissey|86/100\n|-activate|p1a: Blissey|move: Magma Storm|[of] p2a: Heatran\n|\n|-heal|p2a: Heatran|69/100|[from] item: Leftovers\n|-heal|p1a: Blissey|92/100|[from] item: Leftovers\n|-damage|p1a: Blissey|80/100|[from] move: Magma Storm|[partiallytrapped]\n|upkeep\n|turn|346\n|\n|t:|1790557223\n|move|p2a: Heatran|Toxic|p1a: Blissey\n|-status|p1a: Blissey|tox\n|move|p1a: Blissey|Seismic Toss|p2a: Heatran\n|-damage|p2a: Heatran|43/100\n|\n|-heal|p2a: Heatran|49/100|[from] item: Leftovers\n|-heal|p1a: Blissey|86/100 tox|[from] item: Leftovers\n|-damage|p1a: Blissey|80/100 tox|[from] psn\n|-damage|p1a: Blissey|67/100 tox|[from] move: Magma Storm|[partiallytrapped]\n|upkeep\n|turn|347\n|inactive|acendin has 60 seconds left.\n|inactive|geo13000 has 120 seconds left.\n|\n|t:|1790557239\n|move|p2a: Heatran|Earth Power|p1a: Blissey\n|-damage|p1a: Blissey|58/100 tox\n|move|p1a: Blissey|Soft-Boiled|p1a: Blissey\n|-heal|p1a: Blissey|100/100 tox\n|\n|-heal|p2a: Heatran|55/100|[from] item: Leftovers\n|-damage|p1a: Blissey|88/100 tox|[from] psn\n|-damage|p1a: Blissey|75/100 tox|[from] move: Magma Storm|[partiallytrapped]\n|upkeep\n|turn|348\n|\n|t:|1790557245\n|move|p2a: Heatran|Protect|p2a: Heatran\n|-singleturn|p2a: Heatran|Protect\n|move|p1a: Blissey|Soft-Boiled|p1a: Blissey\n|-heal|p1a: Blissey|100/100 tox\n|\n|-heal|p2a: Heatran|62/100|[from] item: Leftovers\n|-damage|p1a: Blissey|82/100 tox|[from] psn\n|-damage|p1a: Blissey|69/100 tox|[from] move: Magma Storm|[partiallytrapped]\n|upkeep\n|turn|349\n|\n|t:|1790557255\n|move|p2a: Heatran|Earth Power|p1a: Blissey\n|-damage|p1a: Blissey|61/100 tox\n|move|p1a: Blissey|Soft-Boiled|p1a: Blissey\n|-heal|p1a: Blissey|100/100 tox\n|\n|-heal|p2a: Heatran|68/100|[from] item: Leftovers\n|-damage|p1a: Blissey|75/100 tox|[from] psn\n|-damage|p1a: Blissey|63/100 tox|[from] move: Magma Storm|[partiallytrapped]\n|upkeep\n|turn|350\n|\n|t:|1790557269\n|move|p2a: Heatran|Protect|p2a: Heatran\n|-singleturn|p2a: Heatran|Protect\n|move|p1a: Blissey|Soft-Boiled|p1a: Blissey\n|-heal|p1a: Blissey|100/100 tox\n|\n|-heal|p2a: Heatran|74/100|[from] item: Leftovers\n|-damage|p1a: Blissey|69/100 tox|[from] psn\n|-end|p1a: Blissey|Magma Storm|[partiallytrapped]\n|upkeep\n|turn|351\n|inactive|acendin has 30 seconds left.\n|\n|t:|1790557280\n|-curestatus|p1a: Blissey|tox|[from] ability: Natural Cure|[silent]\n|switch|p1a: Slowking|Slowking, F|91/100 tox\n|move|p2a: Heatran|Magma Storm|p1a: Slowking\n|-resisted|p1a: Slowking\n|-damage|p1a: Slowking|77/100 tox\n|-activate|p1a: Slowking|move: Magma Storm|[of] p2a: Heatran\n|\n|-heal|p2a: Heatran|80/100|[from] item: Leftovers\n|-damage|p1a: Slowking|71/100 tox|[from] psn\n|-damage|p1a: Slowking|58/100 tox|[from] move: Magma Storm|[partiallytrapped]\n|upkeep\n|turn|352\n|inactive|acendin has 30 seconds left.\n|\n|t:|1790557287\n|move|p2a: Heatran|Earth Power|p1a: Slowking\n|-damage|p1a: Slowking|41/100 tox\n|move|p1a: Slowking|Slack Off|p1a: Slowking\n|-heal|p1a: Slowking|91/100 tox\n|\n|-heal|p2a: Heatran|87/100|[from] item: Leftovers\n|-damage|p1a: Slowking|79/100 tox|[from] psn\n|-damage|p1a: Slowking|66/100 tox|[from] move: Magma Storm|[partiallytrapped]\n|upkeep\n|turn|353\n|inactive|acendin has 30 seconds left this turn.\n|\n|t:|1790557293\n|move|p2a: Heatran|Protect|p2a: Heatran\n|-singleturn|p2a: Heatran|Protect\n|move|p1a: Slowking|Dragon Tail|p2a: Heatran\n|-activate|p2a: Heatran|move: Protect\n|\n|-heal|p2a: Heatran|93/100|[from] item: Leftovers\n|-damage|p1a: Slowking|48/100 tox|[from] psn\n|-damage|p1a: Slowking|35/100 tox|[from] move: Magma Storm|[partiallytrapped]\n|upkeep\n|turn|354\n|inactive|acendin has 30 seconds left this turn.\n|inactive|acendin has 20 seconds left.\n|\n|t:|1790557305\n|switch|p2a: Rillaboom|Rillaboom, M|100/100\n|-fieldstart|move: Grassy Terrain|[from] ability: Grassy Surge|[of] p2a: Rillaboom\n|move|p1a: Slowking|Teleport|p1a: Slowking\n|\n|t:|1790557310\n|switch|p1a: Zapdos|Zapdos|100/100|[from] Teleport\n|-ability|p1a: Zapdos|Pressure\n|\n|upkeep\n|turn|355\n|inactive|acendin has 30 seconds left this turn.\n|\n|t:|1790557318\n|switch|p1a: Toxapex|Toxapex, F|100/100\n|switch|p2a: Garchomp|Garchomp, F|100/100\n|\n|upkeep\n|turn|356\n|inactive|acendin has 30 seconds left this turn.\n|\n|t:|1790557322\n|switch|p1a: Corviknight|Corviknight, F|98/100\n|-ability|p1a: Corviknight|Pressure\n|move|p2a: Garchomp|Stealth Rock|p1a: Corviknight\n|-sidestart|p1: geo13000|move: Stealth Rock\n|\n|upkeep\n|turn|357\n|\n|t:|1790557325\n|switch|p2a: Toxapex|Toxapex, F|82/100 brn\n|move|p1a: Corviknight|Defog|p2a: Toxapex\n|-unboost|p2a: Toxapex|evasion|1\n|-sideend|p1: geo13000|Stealth Rock|[from] move: Defog|[of] p1a: Corviknight\n|-fieldend|move: Grassy Terrain\n|\n|-damage|p2a: Toxapex|76/100 brn|[from] brn\n|upkeep\n|turn|358\n|inactive|acendin has 30 seconds left.\n|\n|t:|1790557330\n|switch|p1a: Slowking|Slowking, F|68/100 tox\n|switch|p2a: Slowking|Slowking-Galar, F|100/100 brn\n|\n|-damage|p1a: Slowking|62/100 tox|[from] psn\n|-damage|p2a: Slowking|94/100 brn|[from] brn\n|upkeep\n|turn|359\n|inactive|acendin has 30 seconds left.\n|\n|t:|1790557339\n|switch|p1a: Blissey|Blissey, F|69/100\n|move|p2a: Slowking|Sludge Bomb|p1a: Blissey\n|-damage|p1a: Blissey|55/100\n|\n|-heal|p1a: Blissey|62/100|[from] item: Leftovers\n|-damage|p2a: Slowking|88/100 brn|[from] brn\n|upkeep\n|turn|360\n|inactive|acendin has 30 seconds left this turn.\n|inactive|acendin has 20 seconds left.\n|\n|t:|1790557350\n|switch|p2a: Garchomp|Garchomp, F|100/100\n|move|p1a: Blissey|Stealth Rock|p2a: Garchomp\n|-sidestart|p2: acendin|move: Stealth Rock\n|\n|-heal|p1a: Blissey|68/100|[from] item: Leftovers\n|upkeep\n|turn|361\n|inactive|acendin has 25 seconds left this turn.\n|\n|t:|1790557353\n|switch|p2a: Tornadus|Tornadus-Therian, M|100/100\n|switch|p1a: Corviknight|Corviknight, F|98/100\n|-ability|p1a: Corviknight|Pressure\n|\n|upkeep\n|turn|362\n|inactive|acendin has 25 seconds left this turn.\n|inactive|acendin has 20 seconds left.\n|\n|t:|1790557360\n|switch|p1a: Zapdos|Zapdos|100/100\n|-ability|p1a: Zapdos|Pressure\n|move|p2a: Tornadus|Defog|p1a: Zapdos\n|-unboost|p1a: Zapdos|evasion|1\n|-sideend|p2: acendin|Stealth Rock|[from] move: Defog|[of] p2a: Tornadus\n|\n|upkeep\n|turn|363\n|inactive|acendin has 25 seconds left this turn.\n|\n|t:|1790557365\n|switch|p1a: Gastrodon|Gastrodon, F|88/100\n|move|p2a: Tornadus|Heat Wave|p1a: Gastrodon|[miss]\n|-miss|p2a: Tornadus|p1a: Gastrodon\n|\n|-heal|p1a: Gastrodon|94/100|[from] item: Leftovers\n|upkeep\n|turn|364\n|inactive|acendin has 25 seconds left this turn.\n|\n|t:|1790557368\n|switch|p1a: Zapdos|Zapdos|100/100\n|-ability|p1a: Zapdos|Pressure\n|move|p2a: Tornadus|U-turn|p1a: Zapdos\n|-resisted|p1a: Zapdos\n|-damage|p1a: Zapdos|96/100\n|inactive|acendin has 30 seconds left this turn.\n|\n|t:|1790557373\n|switch|p2a: Rillaboom|Rillaboom, M|100/100|[from] U-turn\n|-fieldstart|move: Grassy Terrain|[from] ability: Grassy Surge|[of] p2a: Rillaboom\n|\n|upkeep\n|turn|365\n|inactive|acendin has 30 seconds left this turn.\n|\n|t:|1790557378\n|switch|p1a: Corviknight|Corviknight, F|98/100\n|-ability|p1a: Corviknight|Pressure\n|switch|p2a: Garchomp|Garchomp, F|100/100\n|\n|upkeep\n|turn|366\n|inactive|acendin has 30 seconds left this turn.\n|\n|t:|1790557381\n|switch|p2a: Toxapex|Toxapex, F|100/100 brn\n|move|p1a: Corviknight|Iron Defense|p1a: Corviknight\n|-boost|p1a: Corviknight|def|2\n|\n|-damage|p2a: Toxapex|94/100 brn|[from] brn\n|upkeep\n|turn|367\n|inactive|acendin has 30 seconds left this turn.\n|\n|t:|1790557389\n|switch|p1a: Slowking|Slowking, F|96/100 tox\n|switch|p2a: Slowking|Slowking-Galar, F|100/100 brn\n|\n|-heal|p1a: Slowking|100/100 tox|[from] Grassy Terrain\n|-damage|p1a: Slowking|94/100 tox|[from] psn\n|-damage|p2a: Slowking|94/100 brn|[from] brn\n|upkeep\n|turn|368\n|inactive|acendin has 30 seconds left this turn.\n|\n|t:|1790557394\n|switch|p1a: Blissey|Blissey, F|68/100\n|move|p2a: Slowking|Sludge Bomb|p1a: Blissey\n|-damage|p1a: Blissey|55/100\n|\n|-heal|p1a: Blissey|62/100|[from] Grassy Terrain\n|-heal|p1a: Blissey|68/100|[from] item: Leftovers\n|-heal|p2a: Slowking|100/100 brn|[from] Grassy Terrain\n|-damage|p2a: Slowking|94/100 brn|[from] brn\n|-fieldend|move: Grassy Terrain\n|upkeep\n|turn|369\n|inactive|acendin has 30 seconds left this turn.\n|\n|t:|1790557404\n|switch|p2a: Garchomp|Garchomp, F|100/100\n|move|p1a: Blissey|Stealth Rock|p2a: Garchomp\n|-sidestart|p2: acendin|move: Stealth Rock\n|\n|-heal|p1a: Blissey|74/100|[from] item: Leftovers\n|upkeep\n|turn|370\n|inactive|acendin has 30 seconds left this turn.\n|\n|t:|1790557409\n|switch|p2a: Heatran|Heatran, F|93/100\n|-damage|p2a: Heatran|80/100|[from] Stealth Rock\n|switch|p1a: Corviknight|Corviknight, F|98/100\n|-ability|p1a: Corviknight|Pressure\n|\n|-heal|p2a: Heatran|87/100|[from] item: Leftovers\n|upkeep\n|turn|371\n|inactive|acendin has 25 seconds left this turn.\n|\n|t:|1790557419\n|switch|p2a: Tornadus|Tornadus-Therian, M|100/100\n|switch|p1a: Slowking|Slowking, F|100/100 tox\n|\n|-damage|p1a: Slowking|94/100 tox|[from] psn\n|upkeep\n|turn|372\n|inactive|acendin has 30 seconds left this turn.\n|\n|t:|1790557426\n|switch|p1a: Zapdos|Zapdos|96/100\n|-ability|p1a: Zapdos|Pressure\n|move|p2a: Tornadus|Knock Off|p1a: Zapdos\n|-damage|p1a: Zapdos|86/100\n|\n|upkeep\n|turn|373\n|inactive|acendin has 25 seconds left this turn.\n|\n|t:|1790557430\n|move|p2a: Tornadus|Heat Wave|p1a: Zapdos\n|-damage|p1a: Zapdos|62/100\n|move|p1a: Zapdos|Discharge|p2a: Tornadus\n|-supereffective|p2a: Tornadus\n|-damage|p2a: Tornadus|29/100\n|-status|p2a: Tornadus|par\n|\n|upkeep\n|turn|374\n|inactive|acendin has 30 seconds left this turn.\n|\n|t:|1790557438\n|switch|p2a: Garchomp|Garchomp, F|100/100\n|-damage|p2a: Garchomp|94/100|[from] Stealth Rock\n|move|p1a: Zapdos|Heat Wave|p2a: Garchomp\n|-resisted|p2a: Garchomp\n|-damage|p2a: Garchomp|85/100\n|\n|-heal|p2a: Garchomp|92/100|[from] item: Leftovers\n|upkeep\n|turn|375\n|inactive|acendin has 25 seconds left this turn.\n|\n|t:|1790557441\n|switch|p2a: Tornadus|Tornadus-Therian, M|62/100 par\n|switch|p1a: Corviknight|Corviknight, F|98/100\n|-ability|p1a: Corviknight|Pressure\n|\n|upkeep\n|turn|376\n|inactive|acendin has 30 seconds left this turn.\n|\n|t:|1790557446\n|switch|p1a: Zapdos|Zapdos|62/100\n|-ability|p1a: Zapdos|Pressure\n|move|p2a: Tornadus|Defog|p1a: Zapdos\n|-unboost|p1a: Zapdos|evasion|1\n|-sideend|p2: acendin|Stealth Rock|[from] move: Defog|[of] p2a: Tornadus\n|\n|upkeep\n|turn|377\n|inactive|acendin has 30 seconds left this turn.\n|\n|t:|1790557452\n|switch|p2a: Garchomp|Garchomp, F|92/100\n|move|p1a: Zapdos|Roost|p1a: Zapdos\n|-heal|p1a: Zapdos|100/100\n|-singleturn|p1a: Zapdos|move: Roost\n|\n|-heal|p2a: Garchomp|98/100|[from] item: Leftovers\n|upkeep\n|turn|378\n|inactive|acendin has 30 seconds left this turn.\n|inactive|acendin has 20 seconds left.\n|\n|t:|1790557465\n|switch|p2a: Slowking|Slowking-Galar, F|100/100 brn\n|switch|p1a: Corviknight|Corviknight, F|98/100\n|-ability|p1a: Corviknight|Pressure\n|\n|-damage|p2a: Slowking|94/100 brn|[from] brn\n|upkeep\n|turn|379\n|inactive|acendin has 20 seconds left this turn.\n|\n|t:|1790557469\n|switch|p1a: Blissey|Blissey, F|74/100\n|switch|p2a: Rillaboom|Rillaboom, M|100/100\n|-fieldstart|move: Grassy Terrain|[from] ability: Grassy Surge|[of] p2a: Rillaboom\n|\n|-heal|p1a: Blissey|80/100|[from] Grassy Terrain\n|-heal|p1a: Blissey|87/100|[from] item: Leftovers\n|upkeep\n|turn|380\n|inactive|acendin has 25 seconds left this turn.\n|inactive|acendin has 20 seconds left.\n|\n|t:|1790557476\n|switch|p1a: Corviknight|Corviknight, F|98/100\n|-ability|p1a: Corviknight|Pressure\n|move|p2a: Rillaboom|Knock Off|p1a: Corviknight\n|-damage|p1a: Corviknight|83/100\n|\n|upkeep\n|turn|381\n|inactive|acendin has 20 seconds left this turn.\n|inactive|acendin has 15 seconds left.\n|\n|t:|1790557483\n|switch|p2a: Toxapex|Toxapex, F|100/100 brn\n|move|p1a: Corviknight|Iron Defense|p1a: Corviknight\n|-boost|p1a: Corviknight|def|2\n|\n|-damage|p2a: Toxapex|94/100 brn|[from] brn\n|upkeep\n|turn|382\n|inactive|acendin has 20 seconds left this turn.\n|\n|t:|1790557487\n|switch|p1a: Slowking|Slowking, F|100/100 tox\n|switch|p2a: Slowking|Slowking-Galar, F|100/100 brn\n|\n|-damage|p1a: Slowking|94/100 tox|[from] psn\n|-damage|p2a: Slowking|94/100 brn|[from] brn\n|upkeep\n|turn|383\n|inactive|acendin has 20 seconds left this turn.\n|\n|t:|1790557491\n|switch|p2a: Toxapex|Toxapex, F|100/100 brn\n|switch|p1a: Blissey|Blissey, F|87/100\n|\n|-heal|p1a: Blissey|93/100|[from] Grassy Terrain\n|-heal|p1a: Blissey|99/100|[from] item: Leftovers\n|-damage|p2a: Toxapex|94/100 brn|[from] brn\n|-fieldend|move: Grassy Terrain\n|upkeep\n|turn|384\n|inactive|acendin has 25 seconds left this turn.\n|inactive|acendin has 20 seconds left.\n|\n|t:|1790557499\n|switch|p1a: Slowking|Slowking, F|100/100 tox\n|move|p2a: Toxapex|Knock Off|p1a: Slowking\n|-supereffective|p1a: Slowking\n|-damage|p1a: Slowking|91/100 tox\n|\n|-damage|p1a: Slowking|85/100 tox|[from] psn\n|-damage|p2a: Toxapex|88/100 brn|[from] brn\n|upkeep\n|turn|385\n|inactive|acendin has 20 seconds left this turn.\n|inactive|acendin has 15 seconds left.\n|\n|t:|1790557521\n|switch|p2a: Rillaboom|Rillaboom, M|100/100\n|-fieldstart|move: Grassy Terrain|[from] ability: Grassy Surge|[of] p2a: Rillaboom\n|switch|p1a: Zapdos|Zapdos|100/100\n|-ability|p1a: Zapdos|Pressure\n|\n|upkeep\n|turn|386\n|inactive|acendin has 20 seconds left this turn.\n|inactive|acendin has 15 seconds left.\n|\n|t:|1790557529\n|switch|p2a: Garchomp|Garchomp, F|98/100\n|move|p1a: Zapdos|Heat Wave|p2a: Garchomp\n|-resisted|p2a: Garchomp\n|-damage|p2a: Garchomp|90/100\n|\n|-heal|p2a: Garchomp|96/100|[from] Grassy Terrain\n|-heal|p2a: Garchomp|100/100|[from] item: Leftovers\n|upkeep\n|turn|387\n|inactive|acendin has 15 seconds left this turn.\n|inactive|acendin has 10 seconds left.\n|\n|t:|1790557535\n|switch|p1a: Corviknight|Corviknight, F|83/100\n|-ability|p1a: Corviknight|Pressure\n|move|p2a: Garchomp|Earthquake|p1a: Corviknight\n|-immune|p1a: Corviknight\n|\n|upkeep\n|turn|388\n|inactive|acendin has 15 seconds left this turn.\n|\n|t:|1790557539\n|switch|p2a: Toxapex|Toxapex, F|100/100 brn\n|move|p1a: Corviknight|Iron Defense|p1a: Corviknight\n|-boost|p1a: Corviknight|def|2\n|\n|-damage|p2a: Toxapex|94/100 brn|[from] brn\n|upkeep\n|turn|389\n|inactive|acendin has 15 seconds left this turn.\n|\n|t:|1790557542\n|switch|p1a: Slowking|Slowking, F|100/100 tox\n|switch|p2a: Slowking|Slowking-Galar, F|100/100 brn\n|\n|-damage|p1a: Slowking|94/100 tox|[from] psn\n|-damage|p2a: Slowking|94/100 brn|[from] brn\n|-fieldend|move: Grassy Terrain\n|upkeep\n|turn|390\n|inactive|acendin has 20 seconds left this turn.\n|\n|t:|1790557546\n|switch|p1a: Blissey|Blissey, F|99/100\n|move|p2a: Slowking|Ice Beam|p1a: Blissey\n|-damage|p1a: Blissey|90/100\n|\n|-heal|p1a: Blissey|96/100|[from] item: Leftovers\n|-damage|p2a: Slowking|88/100 brn|[from] brn\n|upkeep\n|turn|391\n|inactive|acendin has 20 seconds left this turn.\n|\n|t:|1790557550\n|switch|p2a: Toxapex|Toxapex, F|100/100 brn\n|move|p1a: Blissey|Stealth Rock|p2a: Toxapex\n|-sidestart|p2: acendin|move: Stealth Rock\n|\n|-heal|p1a: Blissey|100/100|[from] item: Leftovers\n|-damage|p2a: Toxapex|94/100 brn|[from] brn\n|upkeep\n|turn|392\n|inactive|acendin has 25 seconds left this turn.\n|\n|t:|1790557553\n|switch|p1a: Slowking|Slowking, F|100/100 tox\n|switch|p2a: Slowking|Slowking-Galar, F|100/100 brn\n|-damage|p2a: Slowking|88/100 brn|[from] Stealth Rock\n|\n|-damage|p1a: Slowking|94/100 tox|[from] psn\n|-damage|p2a: Slowking|82/100 brn|[from] brn\n|upkeep\n|turn|393\n|inactive|acendin has 25 seconds left this turn.\n|\n|t:|1790557558\n|switch|p1a: Blissey|Blissey, F|100/100\n|move|p2a: Slowking|Sludge Bomb|p1a: Blissey\n|-damage|p1a: Blissey|87/100\n|\n|-heal|p1a: Blissey|93/100|[from] item: Leftovers\n|-damage|p2a: Slowking|76/100 brn|[from] brn\n|upkeep\n|turn|394\n|inactive|acendin has 30 seconds left this turn.\n|\n|t:|1790557562\n|switch|p2a: Toxapex|Toxapex, F|100/100 brn\n|-damage|p2a: Toxapex|88/100 brn|[from] Stealth Rock\n|move|p1a: Blissey|Seismic Toss|p2a: Toxapex\n|-damage|p2a: Toxapex|55/100 brn\n|\n|-heal|p1a: Blissey|99/100|[from] item: Leftovers\n|-damage|p2a: Toxapex|49/100 brn|[from] brn\n|upkeep\n|turn|395\n|inactive|acendin has 30 seconds left this turn.\n|\n|t:|1790557568\n|switch|p1a: Slowking|Slowking, F|100/100 tox\n|switch|p2a: Garchomp|Garchomp, F|100/100\n|-damage|p2a: Garchomp|94/100|[from] Stealth Rock\n|\n|-heal|p2a: Garchomp|100/100|[from] item: Leftovers\n|-damage|p1a: Slowking|94/100 tox|[from] psn\n|upkeep\n|turn|396\n|inactive|acendin has 30 seconds left this turn.\n|\n|t:|1790557572\n|switch|p2a: Tornadus|Tornadus-Therian, M|96/100 par\n|switch|p1a: Corviknight|Corviknight, F|83/100\n|-ability|p1a: Corviknight|Pressure\n|\n|upkeep\n|turn|397\n|inactive|acendin has 30 seconds left this turn.\n|\n|t:|1790557578\n|switch|p1a: Zapdos|Zapdos|100/100\n|-ability|p1a: Zapdos|Pressure\n|move|p2a: Tornadus|Knock Off|p1a: Zapdos\n|-damage|p1a: Zapdos|91/100\n|\n|upkeep\n|turn|398\n|inactive|acendin has 30 seconds left this turn.\n|\n|t:|1790557583\n|move|p1a: Zapdos|Discharge|p2a: Tornadus\n|-supereffective|p2a: Tornadus\n|-damage|p2a: Tornadus|31/100 par\n|move|p2a: Tornadus|U-turn|p1a: Zapdos\n|-resisted|p1a: Zapdos\n|-damage|p1a: Zapdos|86/100\n|inactive|acendin has 30 seconds left this turn.\n|\n|t:|1790557590\n|switch|p2a: Garchomp|Garchomp, F|100/100|[from] U-turn\n|-damage|p2a: Garchomp|94/100|[from] Stealth Rock\n|\n|-heal|p2a: Garchomp|100/100|[from] item: Leftovers\n|upkeep\n|turn|399\n|inactive|acendin has 30 seconds left this turn.\n|inactive|acendin has 20 seconds left.\n|\n|t:|1790557601\n|switch|p1a: Corviknight|Corviknight, F|83/100\n|-ability|p1a: Corviknight|Pressure\n|move|p2a: Garchomp|Stealth Rock|p1a: Corviknight\n|-sidestart|p1: geo13000|move: Stealth Rock\n|\n|upkeep\n|turn|400\n|inactive|acendin has 20 seconds left this turn.\n|\n|t:|1790557606\n|switch|p2a: Heatran|Heatran, F|87/100\n|-damage|p2a: Heatran|74/100|[from] Stealth Rock\n|move|p1a: Corviknight|Defog|p2a: Heatran\n|-unboost|p2a: Heatran|evasion|1\n|-sideend|p2: acendin|Stealth Rock|[from] move: Defog|[of] p1a: Corviknight\n|-sideend|p1: geo13000|Stealth Rock|[from] move: Defog|[of] p1a: Corviknight\n|\n|-heal|p2a: Heatran|80/100|[from] item: Leftovers\n|upkeep\n|turn|401\n|inactive|acendin has 25 seconds left this turn.\n|inactive|acendin has 20 seconds left.\n|\n|t:|1790557623\n|switch|p2a: Rillaboom|Rillaboom, M|100/100\n|-fieldstart|move: Grassy Terrain|[from] ability: Grassy Surge|[of] p2a: Rillaboom\n|switch|p1a: Slowking|Slowking, F|100/100 tox\n|\n|-damage|p1a: Slowking|94/100 tox|[from] psn\n|upkeep\n|turn|402\n|inactive|acendin has 20 seconds left this turn.\n|inactive|acendin has 15 seconds left.\n|\n|t:|1790557628\n|switch|p1a: Corviknight|Corviknight, F|83/100\n|-ability|p1a: Corviknight|Pressure\n|move|p2a: Rillaboom|Swords Dance|p2a: Rillaboom\n|-boost|p2a: Rillaboom|atk|2\n|\n|upkeep\n|turn|403\n|inactive|acendin has 20 seconds left this turn.\n|inactive|acendin has 15 seconds left.\n|\n|t:|1790557635\n|move|p2a: Rillaboom|Knock Off|p1a: Corviknight\n|-damage|p1a: Corviknight|57/100\n|move|p1a: Corviknight|Iron Defense|p1a: Corviknight\n|-boost|p1a: Corviknight|def|2\n|\n|upkeep\n|turn|404\n|inactive|acendin has 15 seconds left this turn.\n|inactive|acendin has 10 seconds left.\n|\n|t:|1790557641\n|switch|p2a: Toxapex|Toxapex, F|82/100 brn\n|move|p1a: Corviknight|Roost|p1a: Corviknight\n|-heal|p1a: Corviknight|100/100\n|-singleturn|p1a: Corviknight|move: Roost\n|\n|-heal|p2a: Toxapex|88/100 brn|[from] Grassy Terrain\n|-damage|p2a: Toxapex|82/100 brn|[from] brn\n|upkeep\n|turn|405\n|inactive|acendin has 15 seconds left this turn.\n|\n|t:|1790557646\n|switch|p1a: Slowking|Slowking, F|100/100 tox\n|switch|p2a: Slowking|Slowking-Galar, F|100/100 brn\n|\n|-damage|p1a: Slowking|94/100 tox|[from] psn\n|-damage|p2a: Slowking|94/100 brn|[from] brn\n|-fieldend|move: Grassy Terrain\n|upkeep\n|turn|406\n|inactive|acendin has 15 seconds left this turn.\n|inactive|acendin has 10 seconds left.\n|\n|t:|1790557655\n|switch|p2a: Rillaboom|Rillaboom, M|100/100\n|-fieldstart|move: Grassy Terrain|[from] ability: Grassy Surge|[of] p2a: Rillaboom\n|switch|p1a: Blissey|Blissey, F|99/100\n|\n|-heal|p1a: Blissey|100/100|[from] Grassy Terrain\n|upkeep\n|turn|407\n|inactive|acendin has 15 seconds left this turn.\n|inactive|acendin has 10 seconds left.\n|\n|t:|1790557662\n|switch|p1a: Corviknight|Corviknight, F|100/100\n|-ability|p1a: Corviknight|Pressure\n|move|p2a: Rillaboom|Swords Dance|p2a: Rillaboom\n|-boost|p2a: Rillaboom|atk|2\n|\n|upkeep\n|turn|408\n|inactive|acendin has 10 seconds left this turn.\n|inactive|acendin has 5 seconds left.\n|\n|t:|1790557667\n|move|p2a: Rillaboom|Grassy Glide|p1a: Corviknight\n|-resisted|p1a: Corviknight\n|-damage|p1a: Corviknight|85/100\n|move|p1a: Corviknight|Iron Defense|p1a: Corviknight\n|-boost|p1a: Corviknight|def|2\n|\n|upkeep\n|turn|409\n|inactive|acendin has 10 seconds left this turn.\n|\n|t:|1790557674\n|switch|p2a: Garchomp|Garchomp, F|100/100\n|move|p1a: Corviknight|Body Press|p2a: Garchomp\n|-damage|p2a: Garchomp|53/100\n|-damage|p1a: Corviknight|73/100|[from] ability: Rough Skin|[of] p2a: Garchomp\n|\n|-heal|p2a: Garchomp|59/100|[from] Grassy Terrain\n|-heal|p2a: Garchomp|66/100|[from] item: Leftovers\n|upkeep\n|turn|410\n|inactive|acendin has 10 seconds left this turn.\n|inactive|acendin has 5 seconds left.\n|\n|t:|1790557681\n|switch|p2a: Toxapex|Toxapex, F|100/100 brn\n|move|p1a: Corviknight|Body Press|p2a: Toxapex\n|-resisted|p2a: Toxapex\n|-damage|p2a: Toxapex|85/100 brn\n|\n|-heal|p2a: Toxapex|91/100 brn|[from] Grassy Terrain\n|-damage|p2a: Toxapex|85/100 brn|[from] brn\n|-fieldend|move: Grassy Terrain\n|upkeep\n|turn|411\n|inactive|acendin has 10 seconds left this turn.\n|\n|t:|1790557686\n|switch|p1a: Slowking|Slowking, F|100/100 tox\n|switch|p2a: Slowking|Slowking-Galar, F|100/100 brn\n|\n|-damage|p1a: Slowking|94/100 tox|[from] psn\n|-damage|p2a: Slowking|94/100 brn|[from] brn\n|upkeep\n|turn|412\n|inactive|acendin has 10 seconds left this turn.\n|\n|t:|1790557698\n|switch|p2a: Toxapex|Toxapex, F|100/100 brn\n|switch|p1a: Blissey|Blissey, F|100/100\n|\n|-damage|p2a: Toxapex|94/100 brn|[from] brn\n|upkeep\n|turn|413\n|inactive|acendin has 15 seconds left this turn.\n|\n|t:|1790557703\n|switch|p1a: Slowking|Slowking, F|100/100 tox\n|move|p2a: Toxapex|Knock Off|p1a: Slowking\n|-supereffective|p1a: Slowking\n|-damage|p1a: Slowking|90/100 tox\n|\n|-damage|p1a: Slowking|84/100 tox|[from] psn\n|-damage|p2a: Toxapex|88/100 brn|[from] brn\n|upkeep\n|turn|414\n|inactive|acendin has 15 seconds left this turn.\n|\n|t:|1790557709\n|switch|p2a: Slowking|Slowking-Galar, F|100/100 brn\n|switch|p1a: Gastrodon|Gastrodon, F|94/100\n|\n|-heal|p1a: Gastrodon|99/100|[from] item: Leftovers\n|-damage|p2a: Slowking|94/100 brn|[from] brn\n|upkeep\n|turn|415\n|inactive|acendin has 20 seconds left this turn.\n|inactive|acendin has 15 seconds left.\n|\n|t:|1790557717\n|move|p1a: Gastrodon|Scald|p2a: Slowking\n|-damage|p2a: Slowking|77/100 brn\n|move|p2a: Slowking|Sludge Bomb|p1a: Gastrodon\n|-resisted|p1a: Gastrodon\n|-crit|p1a: Gastrodon\n|-damage|p1a: Gastrodon|73/100\n|\n|-heal|p1a: Gastrodon|80/100|[from] item: Leftovers\n|-damage|p2a: Slowking|71/100 brn|[from] brn\n|upkeep\n|turn|416\n|inactive|acendin has 15 seconds left this turn.\n|\n|t:|1790557721\n|switch|p1a: Blissey|Blissey, F|100/100\n|move|p2a: Slowking|Ice Beam|p1a: Blissey\n|-damage|p1a: Blissey|91/100\n|\n|-heal|p1a: Blissey|97/100|[from] item: Leftovers\n|-damage|p2a: Slowking|65/100 brn|[from] brn\n|upkeep\n|turn|417\n|inactive|acendin has 20 seconds left this turn.\n|\n|t:|1790557726\n|switch|p2a: Rillaboom|Rillaboom, M|100/100\n|-fieldstart|move: Grassy Terrain|[from] ability: Grassy Surge|[of] p2a: Rillaboom\n|move|p1a: Blissey|Stealth Rock|p2a: Rillaboom\n|-sidestart|p2: acendin|move: Stealth Rock\n|\n|-heal|p1a: Blissey|100/100|[from] Grassy Terrain\n|upkeep\n|turn|418\n|inactive|acendin has 20 seconds left this turn.\n|inactive|acendin has 15 seconds left.\n|\n|t:|1790557732\n|switch|p1a: Zapdos|Zapdos|86/100\n|-ability|p1a: Zapdos|Pressure\n|move|p2a: Rillaboom|Swords Dance|p2a: Rillaboom\n|-boost|p2a: Rillaboom|atk|2\n|\n|upkeep\n|turn|419\n|inactive|acendin has 20 seconds left this turn.\n|\n|t:|1790557735\n|move|p1a: Zapdos|Heat Wave|p2a: Rillaboom\n|-supereffective|p2a: Rillaboom\n|-damage|p2a: Rillaboom|42/100\n|move|p2a: Rillaboom|Swords Dance|p2a: Rillaboom\n|-boost|p2a: Rillaboom|atk|2\n|\n|-heal|p2a: Rillaboom|48/100|[from] Grassy Terrain\n|-heal|p2a: Rillaboom|54/100|[from] item: Leftovers\n|upkeep\n|turn|420\n|inactive|acendin has 20 seconds left this turn.\n|inactive|acendin has 15 seconds left.\n|\n|t:|1790557744\n|move|p2a: Rillaboom|Grassy Glide|p1a: Zapdos\n|-resisted|p1a: Zapdos\n|-damage|p1a: Zapdos|31/100\n|move|p1a: Zapdos|Heat Wave|p2a: Rillaboom|[miss]\n|-miss|p1a: Zapdos|p2a: Rillaboom\n|\n|-heal|p2a: Rillaboom|61/100|[from] Grassy Terrain\n|-heal|p2a: Rillaboom|67/100|[from] item: Leftovers\n|upkeep\n|turn|421\n|inactive|acendin has 20 seconds left this turn.\n|inactive|acendin has 15 seconds left.\n|\n|t:|1790557756\n|switch|p1a: Corviknight|Corviknight, F|73/100\n|-ability|p1a: Corviknight|Pressure\n|move|p2a: Rillaboom|Knock Off|p1a: Corviknight\n|-damage|p1a: Corviknight|31/100\n|\n|-heal|p2a: Rillaboom|73/100|[from] Grassy Terrain\n|-heal|p2a: Rillaboom|79/100|[from] item: Leftovers\n|-fieldend|move: Grassy Terrain\n|upkeep\n|turn|422\n|inactive|acendin has 15 seconds left this turn.\n|inactive|geo13000 has 120 seconds left.\n|inactive|acendin has 10 seconds left.\n|\n|t:|1790557773\n|switch|p1a: Toxapex|Toxapex, F|100/100\n|move|p2a: Rillaboom|Knock Off|p1a: Toxapex\n|-damage|p1a: Toxapex|58/100\n|\n|-heal|p2a: Rillaboom|86/100|[from] item: Leftovers\n|upkeep\n|turn|423\n|inactive|acendin has 15 seconds left this turn.\n|inactive|acendin has 10 seconds left.\n|\n|t:|1790557779\n|switch|p1a: Corviknight|Corviknight, F|31/100\n|-ability|p1a: Corviknight|Pressure\n|move|p2a: Rillaboom|Grassy Glide|p1a: Corviknight\n|-resisted|p1a: Corviknight\n|-damage|p1a: Corviknight|13/100\n|\n|-heal|p2a: Rillaboom|92/100|[from] item: Leftovers\n|upkeep\n|turn|424\n|inactive|acendin has 10 seconds left this turn.\n|\n|t:|1790557799\n|switch|p1a: Gastrodon|Gastrodon, F|80/100\n|move|p2a: Rillaboom|Grassy Glide|p1a: Gastrodon\n|-supereffective|p1a: Gastrodon\n|-damage|p1a: Gastrodon|0 fnt\n|faint|p1a: Gastrodon\n|\n|-heal|p2a: Rillaboom|98/100|[from] item: Leftovers\n|upkeep\n|\n|t:|1790557802\n|switch|p1a: Zapdos|Zapdos|31/100\n|-ability|p1a: Zapdos|Pressure\n|turn|425\n|inactive|acendin has 15 seconds left this turn.\n|inactive|acendin has 10 seconds left.\n|\n|t:|1790557809\n|move|p1a: Zapdos|Roost|p1a: Zapdos\n|-heal|p1a: Zapdos|81/100\n|-singleturn|p1a: Zapdos|move: Roost\n|move|p2a: Rillaboom|Grassy Glide|p1a: Zapdos\n|-damage|p1a: Zapdos|0 fnt\n|faint|p1a: Zapdos\n|\n|-heal|p2a: Rillaboom|100/100|[from] item: Leftovers\n|upkeep\n|c|\u2606geo13000|Ggs\n|c|\u2606acendin|gg\n|-message|geo13000 forfeited.\n|\n|win|acendin\n|raw|geo13000's rating: 1486 &rarr; <strong>1461</strong><br />(-25 for losing)\n|raw|acendin's rating: 1396 &rarr; <strong>1421</strong><br />(+25 for winning)\n|l|\u2606geo13000\n|player|p1|\n", "uploadtime": 1790557829, "views": "27", "formatid": "gen8ou", "rating": 1421, "private": 0, "password": null}