{"id": "gen8ou-2688821768", "format": "[Gen 8] OU", "players": ["LordArlo", "giosyl"], "log": "|j|\u2606LordArlo\n|j|\u2606giosyl\n|t:|1790538394\n|gametype|singles\n|player|p1|LordArlo|2|\n|player|p2|giosyl|lysandre-masters|\n|gen|8\n|tier|[Gen 8] OU\n|rule|HP Percentage Mod: HP is shown in percentages\n|rule|Endless Battle Clause: Forcing endless battles is banned\n|rule|Sleep Clause Mod: Limit one foe put to sleep\n|rule|Species Clause: Limit one of each Pok\u00e9mon\n|rule|OHKO Clause: OHKO moves are banned\n|rule|Evasion Items Clause: Evasion items are banned\n|rule|Evasion Moves Clause: Evasion moves are banned\n|rule|Dynamax Clause: You cannot dynamax\n|raw|<div class=\"infobox\"><details class=\"readmore\" open><summary><strong>1 custom rule:</strong></summary> +Giratina-Origin</details></div>\n|clearpoke\n|poke|p1|Trevenant, M|\n|poke|p1|Regigigas|\n|poke|p1|Giratina-Origin|\n|poke|p1|Goodra, F|\n|poke|p1|Golurk|\n|poke|p1|Dhelmise|\n|poke|p2|Pelipper, F|\n|poke|p2|Tornadus-Therian, M|\n|poke|p2|Toxapex, F|\n|poke|p2|Garchomp, F|\n|poke|p2|Barraskewda, M|\n|poke|p2|Flapple, M|\n|teampreview\n|\n|t:|1790538448\n|teamsize|p1|6\n|teamsize|p2|6\n|start\n|switch|p1a: Trevenant|Trevenant, M, shiny|100/100\n|switch|p2a: Wezeda|Pelipper, F|100/100\n|-weather|RainDance|[from] ability: Drizzle|[of] p2a: Wezeda\n|turn|1\n|\n|t:|1790538456\n|move|p2a: Wezeda|Hurricane|p1a: Trevenant\n|-supereffective|p1a: Trevenant\n|-damage|p1a: Trevenant|25/100\n|-enditem|p1a: Trevenant|Starf Berry|[eat]\n|-boost|p1a: Trevenant|def|2|[from] item: Starf Berry\n|move|p1a: Trevenant|Leech Seed|p2a: Wezeda\n|-start|p2a: Wezeda|move: Leech Seed\n|\n|-weather|RainDance|[upkeep]\n|-damage|p2a: Wezeda|88/100|[from] Leech Seed|[of] p1a: Trevenant\n|-heal|p1a: Trevenant|35/100|[silent]\n|-item|p1a: Trevenant|Starf Berry|[from] ability: Harvest\n|upkeep\n|turn|2\n|\n|t:|1790538471\n|move|p1a: Trevenant|Protect|p1a: Trevenant\n|-singleturn|p1a: Trevenant|Protect\n|move|p2a: Wezeda|Hurricane|p1a: Trevenant\n|-activate|p1a: Trevenant|move: Protect\n|\n|-weather|RainDance|[upkeep]\n|-damage|p2a: Wezeda|76/100|[from] Leech Seed|[of] p1a: Trevenant\n|-heal|p1a: Trevenant|46/100|[silent]\n|upkeep\n|turn|3\n|\n|t:|1790538487\n|switch|p1a: Golurk|Golurk, shiny|100/100\n|move|p2a: Wezeda|Hurricane|p1a: Golurk\n|-crit|p1a: Golurk\n|-damage|p1a: Golurk|33/100\n|\n|-weather|RainDance|[upkeep]\n|-damage|p2a: Wezeda|63/100|[from] Leech Seed|[of] p1a: Golurk\n|-heal|p1a: Golurk|45/100|[silent]\n|upkeep\n|turn|4\n|\n|t:|1790538503\n|move|p2a: Wezeda|Scald|p1a: Golurk\n|-supereffective|p1a: Golurk\n|-damage|p1a: Golurk|0 fnt\n|faint|p1a: Golurk\n|\n|-weather|RainDance|[upkeep]\n|upkeep\n|\n|t:|1790538515\n|switch|p1a: Trevenant|Trevenant, M, shiny|46/100\n|turn|5\n|\n|t:|1790538534\n|switch|p2a: Zephyr|Tornadus-Therian, M|100/100\n|move|p1a: Trevenant|Protect||[still]\n|-fail|p1a: Trevenant\n|\n|-weather|RainDance|[upkeep]\n|upkeep\n|turn|6\n|\n|t:|1790538542\n|move|p2a: Zephyr|Hurricane|p1a: Trevenant\n|-supereffective|p1a: Trevenant\n|-damage|p1a: Trevenant|0 fnt\n|faint|p1a: Trevenant\n|\n|-weather|RainDance|[upkeep]\n|upkeep\n|\n|t:|1790538548\n|switch|p1a: Giratina|Giratina-Origin, shiny|100/100\n|turn|7\n|\n|t:|1790538574\n|move|p2a: Zephyr|U-turn|p1a: Giratina\n|-resisted|p1a: Giratina\n|-damage|p1a: Giratina|95/100\n|\n|t:|1790538577\n|switch|p2a: Sashimatsu|Toxapex, F, shiny|100/100|[from] U-turn\n|move|p1a: Giratina|Ancient Power|p2a: Sashimatsu\n|-damage|p2a: Sashimatsu|87/100\n|-boost|p1a: Giratina|atk|1\n|-boost|p1a: Giratina|def|1\n|-boost|p1a: Giratina|spa|1\n|-boost|p1a: Giratina|spd|1\n|-boost|p1a: Giratina|spe|1\n|\n|-weather|RainDance|[upkeep]\n|-heal|p2a: Sashimatsu|93/100|[from] item: Black Sludge\n|upkeep\n|turn|8\n|\n|t:|1790538593\n|move|p1a: Giratina|Shadow Ball|p2a: Sashimatsu\n|-damage|p2a: Sashimatsu|41/100\n|move|p2a: Sashimatsu|Toxic|p1a: Giratina\n|-status|p1a: Giratina|tox\n|\n|-weather|none\n|-heal|p2a: Sashimatsu|47/100|[from] item: Black Sludge\n|-damage|p1a: Giratina|89/100 tox|[from] psn\n|upkeep\n|turn|9\n|\n|t:|1790538619\n|move|p1a: Giratina|Shadow Ball|p2a: Sashimatsu\n|-damage|p2a: Sashimatsu|0 fnt\n|faint|p2a: Sashimatsu\n|\n|-damage|p1a: Giratina|77/100 tox|[from] psn\n|upkeep\n|\n|t:|1790538626\n|switch|p2a: Wezeda|Pelipper, F|63/100\n|-weather|RainDance|[from] ability: Drizzle|[of] p2a: Wezeda\n|turn|10\n|\n|t:|1790538645\n|move|p1a: Giratina|Ancient Power|p2a: Wezeda\n|-supereffective|p2a: Wezeda\n|-damage|p2a: Wezeda|0 fnt\n|faint|p2a: Wezeda\n|\n|-weather|RainDance|[upkeep]\n|-damage|p1a: Giratina|58/100 tox|[from] psn\n|upkeep\n|\n|t:|1790538651\n|switch|p2a: Adeyemi|Barraskewda, M, shiny|100/100\n|turn|11\n|\n|t:|1790538658\n|move|p2a: Adeyemi|Crunch|p1a: Giratina\n|-supereffective|p1a: Giratina\n|-damage|p1a: Giratina|17/100 tox\n|move|p1a: Giratina|Rest|p1a: Giratina\n|-status|p1a: Giratina|slp|[from] move: Rest\n|-heal|p1a: Giratina|100/100 slp|[silent]\n|\n|-weather|RainDance|[upkeep]\n|upkeep\n|turn|12\n|\n|t:|1790538677\n|switch|p2a: Super-Sub|Flapple, M|100/100\n|cant|p1a: Giratina|slp\n|\n|-weather|RainDance|[upkeep]\n|upkeep\n|turn|13\n|\n|t:|1790538689\n|cant|p1a: Giratina|slp\n|move|p2a: Super-Sub|Outrage|p1a: Giratina\n|-supereffective|p1a: Giratina\n|-damage|p1a: Giratina|10/100 slp\n|-damage|p2a: Super-Sub|91/100|[from] item: Life Orb\n|\n|-weather|RainDance|[upkeep]\n|upkeep\n|turn|14\n|\n|t:|1790538697\n|-curestatus|p1a: Giratina|slp|[msg]\n|move|p1a: Giratina|Ancient Power|p2a: Super-Sub\n|-damage|p2a: Super-Sub|38/100\n|move|p2a: Super-Sub|Outrage|p1a: Giratina|[from] lockedmove\n|-supereffective|p1a: Giratina\n|-damage|p1a: Giratina|0 fnt\n|faint|p1a: Giratina\n|-damage|p2a: Super-Sub|28/100|[from] item: Life Orb\n|\n|-weather|RainDance|[upkeep]\n|upkeep\n|\n|t:|1790538708\n|switch|p1a: Goodra|Goodra, F, shiny|100/100\n|turn|15\n|\n|t:|1790538726\n|move|p2a: Super-Sub|Outrage|p1a: Goodra|[from] lockedmove\n|-supereffective|p1a: Goodra\n|-damage|p1a: Goodra|0 fnt\n|-ability|p1a: Goodra|Gooey\n|-unboost|p2a: Super-Sub|spe|1\n|faint|p1a: Goodra\n|-damage|p2a: Super-Sub|18/100|[from] item: Life Orb\n|-start|p2a: Super-Sub|confusion|[fatigue]\n|\n|-weather|RainDance|[upkeep]\n|upkeep\n|\n|t:|1790538737\n|switch|p1a: Dhelmise|Dhelmise, shiny|100/100\n|turn|16\n|\n|t:|1790538754\n|switch|p2a: Zephyr|Tornadus-Therian, M|100/100\n|move|p1a: Dhelmise|Brick Break|p2a: Zephyr\n|-resisted|p2a: Zephyr\n|-damage|p2a: Zephyr|73/100\n|\n|-weather|RainDance|[upkeep]\n|upkeep\n|turn|17\n|\n|t:|1790538762\n|switch|p1a: Regigigas|Regigigas|100/100\n|-start|p1a: Regigigas|ability: Slow Start\n|move|p2a: Zephyr|Hurricane|p1a: Regigigas\n|-damage|p1a: Regigigas|66/100\n|\n|-weather|none\n|-heal|p1a: Regigigas|72/100|[from] item: Leftovers\n|upkeep\n|turn|18\n|\n|t:|1790538777\n|move|p2a: Zephyr|U-turn|p1a: Regigigas\n|-damage|p1a: Regigigas|63/100\n|\n|t:|1790538783\n|switch|p2a: Dark4|Garchomp, F|100/100|[from] U-turn\n|move|p1a: Regigigas|Rest|p1a: Regigigas\n|-status|p1a: Regigigas|slp|[from] move: Rest\n|-heal|p1a: Regigigas|100/100 slp|[silent]\n|\n|upkeep\n|turn|19\n|\n|t:|1790538793\n|move|p2a: Dark4|Swords Dance|p2a: Dark4\n|-boost|p2a: Dark4|atk|2\n|cant|p1a: Regigigas|slp\n|move|p1a: Regigigas|Sleep Talk|p1a: Regigigas\n|move|p1a: Regigigas|Knock Off|p2a: Dark4|[from] move: Sleep Talk\n|-damage|p2a: Dark4|82/100\n|-damage|p1a: Regigigas|88/100 slp|[from] ability: Rough Skin|[of] p2a: Dark4\n|-enditem|p2a: Dark4|Leftovers|[from] move: Knock Off|[of] p1a: Regigigas\n|\n|-heal|p1a: Regigigas|94/100 slp|[from] item: Leftovers\n|upkeep\n|turn|20\n|\n|t:|1790538805\n|move|p2a: Dark4|Earthquake|p1a: Regigigas\n|-damage|p1a: Regigigas|19/100 slp\n|cant|p1a: Regigigas|slp\n|move|p1a: Regigigas|Sleep Talk|p1a: Regigigas\n|move|p1a: Regigigas|Rest||[from] move: Sleep Talk|[still]\n|-fail|p1a: Regigigas\n|\n|-heal|p1a: Regigigas|25/100 slp|[from] item: Leftovers\n|upkeep\n|turn|21\n|\n|t:|1790538819\n|move|p2a: Dark4|Earthquake|p1a: Regigigas\n|-damage|p1a: Regigigas|0 fnt\n|faint|p1a: Regigigas\n|-end|p1a: Regigigas|Slow Start|[silent]\n|\n|upkeep\n|\n|t:|1790538823\n|switch|p1a: Dhelmise|Dhelmise, shiny|100/100\n|turn|22\n|\n|t:|1790538835\n|move|p2a: Dark4|Scale Shot|p1a: Dhelmise\n|-damage|p1a: Dhelmise|76/100\n|-damage|p1a: Dhelmise|52/100\n|-damage|p1a: Dhelmise|25/100\n|-hitcount|p1a: Dhelmise|3\n|-unboost|p2a: Dark4|def|1\n|-boost|p2a: Dark4|spe|1\n|move|p1a: Dhelmise|Power Whip|p2a: Dark4\n|-damage|p2a: Dark4|0 fnt\n|-damage|p1a: Dhelmise|12/100|[from] ability: Rough Skin|[of] p2a: Dark4\n|faint|p2a: Dark4\n|\n|upkeep\n|j| 428y\n|\n|t:|1790538848\n|switch|p2a: Adeyemi|Barraskewda, M, shiny|100/100\n|turn|23\n|\n|t:|1790538851\n|move|p2a: Adeyemi|Crunch|p1a: Dhelmise\n|-supereffective|p1a: Dhelmise\n|-damage|p1a: Dhelmise|0 fnt\n|faint|p1a: Dhelmise\n|\n|win|giosyl\n|c|\u2606giosyl|ggs\n|c|\u2606LordArlo|joa gg\n", "uploadtime": 1790538858, "views": "43", "formatid": "gen8ou", "rating": null, "private": 0, "password": null}