{"id": "gen8ou-2692728254", "format": "[Gen 8] OU", "players": ["bandit ken", "Selen Gibbon"], "log": "|j|\u2606bandit ken\n|j|\u2606Selen Gibbon\n|t:|1791131767\n|gametype|singles\n|player|p1|bandit ken|roughneck-gen4|\n|player|p2|Selen Gibbon|clair|\n|gen|8\n|tier|[Gen 8] OU\n|rated|Tournament battle\n|rule|HP Percentage Mod: HP is shown in percentages\n|rule|Endless Battle Clause: Forcing endless battles is banned\n|rule|Sleep Clause Mod: Limit one foe put to sleep\n|rule|Species Clause: Limit one of each Pok\u00e9mon\n|rule|OHKO Clause: OHKO moves are banned\n|rule|Evasion Items Clause: Evasion items are banned\n|rule|Evasion Moves Clause: Evasion moves are banned\n|rule|Dynamax Clause: You cannot dynamax\n|clearpoke\n|poke|p1|Blacephalon|\n|poke|p1|Corviknight, F|\n|poke|p1|Landorus-Therian, M|\n|poke|p1|Toxapex, M|\n|poke|p1|Slowking-Galar, F|\n|poke|p1|Weavile, F|\n|poke|p2|Magnezone|\n|poke|p2|Kartana|\n|poke|p2|Toxapex, M|\n|poke|p2|Landorus-Therian, M|\n|poke|p2|Clefable, M|\n|poke|p2|Obstagoon, F|\n|teampreview\n|inactive|Battle timer is ON: inactive players will automatically lose when time's up. (requested by bandit ken)\n|inactive|Selen Gibbon also wants the timer to be on.\n|j|@zoyotte\n|c|\u2606bandit ken|Hf\n|c|\u2606Selen Gibbon|u2\n|inactive|bandit ken has 120 seconds left.\n|inactive|Selen Gibbon has 120 seconds left.\n|\n|t:|1791131806\n|teamsize|p1|6\n|teamsize|p2|6\n|start\n|switch|p1a: Corviknight|Corviknight, F|100/100\n|switch|p2a: Clefable|Clefable, M|100/100\n|-ability|p1a: Corviknight|Pressure\n|turn|1\n|\n|t:|1791131815\n|switch|p2a: Toxapex|Toxapex, M|100/100\n|move|p1a: Corviknight|U-turn|p2a: Toxapex\n|-resisted|p2a: Toxapex\n|-damage|p2a: Toxapex|97/100\n|-enditem|p2a: Toxapex|Eject Button\n|\n|t:|1791131821\n|switch|p2a: Magnezone|Magnezone|100/100\n|-item|p2a: Magnezone|Air Balloon\n|\n|upkeep\n|turn|2\n|\n|t:|1791131834\n|move|p2a: Magnezone|Thunderbolt|p1a: Corviknight\n|-supereffective|p1a: Corviknight\n|-damage|p1a: Corviknight|31/100\n|move|p1a: Corviknight|U-turn|p2a: Magnezone\n|-resisted|p2a: Magnezone\n|-damage|p2a: Magnezone|94/100\n|-enditem|p2a: Magnezone|Air Balloon\n|\n|t:|1791131840\n|switch|p1a: Blacephalon|Blacephalon|100/100|[from] U-turn\n|\n|upkeep\n|turn|3\n|l|@zoyotte\n|\n|t:|1791131865\n|switch|p2a: Toxapex|Toxapex, M|100/100\n|move|p1a: Blacephalon|Overheat|p2a: Toxapex\n|-resisted|p2a: Toxapex\n|-damage|p2a: Toxapex|50/100\n|-unboost|p1a: Blacephalon|spa|2\n|\n|upkeep\n|turn|4\n|\n|t:|1791131881\n|switch|p1a: Slowking|Slowking-Galar, F|100/100\n|switch|p2a: Obstagoon|Obstagoon, F|100/100\n|\n|-status|p2a: Obstagoon|brn|[from] item: Flame Orb\n|upkeep\n|turn|5\n|inactive|Selen Gibbon has 120 seconds left.\n|\n|t:|1791131897\n|switch|p1a: Landorus|Landorus-Therian, M|100/100\n|-ability|p1a: Landorus|Intimidate|boost\n|-unboost|p2a: Obstagoon|atk|1\n|move|p2a: Obstagoon|Knock Off|p1a: Landorus\n|-damage|p1a: Landorus|61/100\n|-enditem|p1a: Landorus|Leftovers|[from] move: Knock Off|[of] p2a: Obstagoon\n|\n|-damage|p2a: Obstagoon|94/100 brn|[from] brn\n|upkeep\n|turn|6\n|inactive|Selen Gibbon has 120 seconds left.\n|j|@zoyotte\n|\n|t:|1791131915\n|switch|p1a: Toxapex|Toxapex, M|100/100\n|move|p2a: Obstagoon|Bulk Up|p2a: Obstagoon\n|-boost|p2a: Obstagoon|atk|1\n|-boost|p2a: Obstagoon|def|1\n|\n|-damage|p2a: Obstagoon|88/100 brn|[from] brn\n|upkeep\n|turn|7\n|j|+sulfura152\n|\n|t:|1791131925\n|move|p2a: Obstagoon|Facade|p1a: Toxapex\n|-damage|p1a: Toxapex|43/100\n|-enditem|p1a: Toxapex|Eject Button\n|j| lvbg1\n|\n|t:|1791131938\n|switch|p1a: Blacephalon|Blacephalon|100/100\n|\n|-damage|p2a: Obstagoon|82/100 brn|[from] brn\n|upkeep\n|turn|8\n|\n|t:|1791131948\n|switch|p2a: Toxapex|Toxapex, M|84/100\n|move|p1a: Blacephalon|Shadow Ball|p2a: Toxapex\n|-damage|p2a: Toxapex|23/100\n|\n|upkeep\n|turn|9\n|\n|t:|1791131956\n|switch|p1a: Weavile|Weavile, F|100/100\n|-ability|p1a: Weavile|Pressure\n|switch|p2a: Obstagoon|Obstagoon, F|82/100 brn\n|\n|-damage|p2a: Obstagoon|76/100 brn|[from] brn\n|upkeep\n|turn|10\n|\n|t:|1791131981\n|switch|p2a: Clefable|Clefable, M|100/100\n|move|p1a: Weavile|Icicle Crash|p2a: Clefable\n|-damage|p2a: Clefable|52/100\n|\n|upkeep\n|turn|11\n|\n|t:|1791131998\n|switch|p1a: Blacephalon|Blacephalon|100/100\n|move|p2a: Clefable|Soft-Boiled|p2a: Clefable\n|-heal|p2a: Clefable|100/100\n|\n|upkeep\n|turn|12\n|inactive|Selen Gibbon has 120 seconds left.\n|\n|t:|1791132020\n|switch|p2a: Toxapex|Toxapex, M|56/100\n|move|p1a: Blacephalon|Flamethrower|p2a: Toxapex\n|-resisted|p2a: Toxapex\n|-damage|p2a: Toxapex|21/100\n|\n|upkeep\n|turn|13\n|inactive|Selen Gibbon has 120 seconds left.\n|\n|t:|1791132053\n|switch|p2a: Magnezone|Magnezone|94/100\n|move|p1a: Blacephalon|Flamethrower|p2a: Magnezone\n|-supereffective|p2a: Magnezone\n|-damage|p2a: Magnezone|0 fnt\n|faint|p2a: Magnezone\n|-ability|p1a: Blacephalon|Beast Boost|boost\n|-boost|p1a: Blacephalon|spa|1\n|\n|upkeep\n|\n|t:|1791132060\n|switch|p2a: Kartana|Kartana|100/100\n|turn|14\n|\n|t:|1791132068\n|switch|p1a: Landorus|Landorus-Therian, M|61/100\n|-ability|p1a: Landorus|Intimidate|boost\n|-unboost|p2a: Kartana|atk|1\n|move|p2a: Kartana|Knock Off|p1a: Landorus\n|-damage|p1a: Landorus|41/100\n|\n|upkeep\n|turn|15\n|\n|t:|1791132079\n|switch|p2a: Landorus|Landorus-Therian, M|100/100\n|-ability|p2a: Landorus|Intimidate|boost\n|-unboost|p1a: Landorus|atk|1\n|move|p1a: Landorus|Earthquake|p2a: Landorus\n|-immune|p2a: Landorus\n|\n|upkeep\n|turn|16\n|inactive|Selen Gibbon has 120 seconds left.\n|\n|t:|1791132086\n|move|p2a: Landorus|U-turn|p1a: Landorus\n|-resisted|p1a: Landorus\n|-damage|p1a: Landorus|31/100\n|\n|t:|1791132087\n|switch|p2a: Clefable|Clefable, M|100/100|[from] U-turn\n|move|p1a: Landorus|Knock Off|p2a: Clefable\n|-resisted|p2a: Clefable\n|-damage|p2a: Clefable|92/100\n|-damage|p1a: Landorus|14/100|[from] item: Rocky Helmet|[of] p2a: Clefable\n|-enditem|p2a: Clefable|Rocky Helmet|[from] move: Knock Off|[of] p1a: Landorus\n|\n|upkeep\n|turn|17\n|\n|t:|1791132099\n|move|p1a: Landorus|U-turn|p2a: Clefable\n|-resisted|p2a: Clefable\n|-damage|p2a: Clefable|87/100\n|\n|t:|1791132104\n|switch|p1a: Slowking|Slowking-Galar, F|100/100|[from] U-turn\n|move|p2a: Clefable|Stealth Rock|p1a: Slowking\n|-sidestart|p1: bandit ken|move: Stealth Rock\n|\n|upkeep\n|turn|18\n|\n|t:|1791132120\n|switch|p2a: Toxapex|Toxapex, M|54/100\n|move|p1a: Slowking|Future Sight|p2a: Toxapex\n|-start|p1a: Slowking|move: Future Sight\n|\n|upkeep\n|turn|19\n|inactive|bandit ken has 120 seconds left.\n|\n|t:|1791132162\n|switch|p2a: Landorus|Landorus-Therian, M|100/100\n|-ability|p2a: Landorus|Intimidate|boost\n|-unboost|p1a: Slowking|atk|1\n|switch|p1a: Corviknight|Corviknight, F|31/100\n|-damage|p1a: Corviknight|19/100|[from] Stealth Rock\n|-ability|p1a: Corviknight|Pressure\n|\n|-heal|p1a: Corviknight|25/100|[from] item: Leftovers\n|upkeep\n|turn|20\n|\n|t:|1791132178\n|switch|p2a: Obstagoon|Obstagoon, F|76/100 brn\n|move|p1a: Corviknight|Roost|p1a: Corviknight\n|-heal|p1a: Corviknight|75/100\n|-singleturn|p1a: Corviknight|move: Roost\n|\n|-end|p2a: Obstagoon|move: Future Sight\n|-immune|p2a: Obstagoon\n|-heal|p1a: Corviknight|81/100|[from] item: Leftovers\n|-damage|p2a: Obstagoon|70/100 brn|[from] brn\n|upkeep\n|turn|21\n|inactive|bandit ken has 120 seconds left.\n|inactive|Selen Gibbon has 120 seconds left.\n|\n|t:|1791132193\n|switch|p2a: Clefable|Clefable, M|87/100\n|move|p1a: Corviknight|Body Press|p2a: Clefable\n|-resisted|p2a: Clefable\n|-damage|p2a: Clefable|76/100\n|\n|-heal|p1a: Corviknight|87/100|[from] item: Leftovers\n|upkeep\n|turn|22\n|\n|t:|1791132200\n|move|p2a: Clefable|Knock Off|p1a: Corviknight\n|-damage|p1a: Corviknight|78/100\n|-enditem|p1a: Corviknight|Leftovers|[from] move: Knock Off|[of] p2a: Clefable\n|move|p1a: Corviknight|Defog|p2a: Clefable\n|-unboost|p2a: Clefable|evasion|1\n|-sideend|p1: bandit ken|Stealth Rock|[from] move: Defog|[of] p1a: Corviknight\n|\n|upkeep\n|turn|23\n|j|%tf\n|\n|t:|1791132210\n|move|p2a: Clefable|Soft-Boiled|p2a: Clefable\n|-heal|p2a: Clefable|100/100\n|move|p1a: Corviknight|U-turn|p2a: Clefable\n|-resisted|p2a: Clefable\n|-damage|p2a: Clefable|95/100\n|\n|t:|1791132218\n|switch|p1a: Slowking|Slowking-Galar, F|100/100|[from] U-turn\n|\n|upkeep\n|turn|24\n|\n|t:|1791132227\n|switch|p2a: Kartana|Kartana|100/100\n|switch|p1a: Blacephalon|Blacephalon|100/100\n|\n|upkeep\n|turn|25\n|\n|t:|1791132238\n|switch|p2a: Toxapex|Toxapex, M|88/100\n|switch|p1a: Corviknight|Corviknight, F|78/100\n|-ability|p1a: Corviknight|Pressure\n|\n|upkeep\n|turn|26\n|\n|t:|1791132258\n|move|p1a: Corviknight|Roost|p1a: Corviknight\n|-heal|p1a: Corviknight|100/100\n|-singleturn|p1a: Corviknight|move: Roost\n|move|p2a: Toxapex|Scald|p1a: Corviknight\n|-damage|p1a: Corviknight|84/100\n|\n|upkeep\n|turn|27\n|inactive|Selen Gibbon has 120 seconds left.\n|\n|t:|1791132278\n|move|p1a: Corviknight|U-turn|p2a: Toxapex\n|-resisted|p2a: Toxapex\n|-damage|p2a: Toxapex|83/100\n|\n|t:|1791132284\n|switch|p1a: Slowking|Slowking-Galar, F|100/100|[from] U-turn\n|move|p2a: Toxapex|Scald|p1a: Slowking\n|-damage|p1a: Slowking|92/100\n|\n|upkeep\n|turn|28\n|\n|t:|1791132296\n|switch|p2a: Obstagoon|Obstagoon, F|70/100 brn\n|move|p1a: Slowking|Flamethrower|p2a: Obstagoon\n|-damage|p2a: Obstagoon|42/100 brn\n|\n|-damage|p2a: Obstagoon|36/100 brn|[from] brn\n|upkeep\n|turn|29\n|inactive|bandit ken has 120 seconds left.\n|\n|t:|1791132330\n|switch|p1a: Landorus|Landorus-Therian, M|14/100\n|-ability|p1a: Landorus|Intimidate|boost\n|-unboost|p2a: Obstagoon|atk|1\n|move|p2a: Obstagoon|Knock Off|p1a: Landorus\n|-damage|p1a: Landorus|0 fnt\n|faint|p1a: Landorus\n|\n|-damage|p2a: Obstagoon|30/100 brn|[from] brn\n|upkeep\n|inactive|bandit ken has 120 seconds left.\n|\n|t:|1791132348\n|switch|p1a: Blacephalon|Blacephalon|100/100\n|turn|30\n|j|%Frankl1\u2665\n|\n|t:|1791132364\n|switch|p2a: Toxapex|Toxapex, M|100/100\n|move|p1a: Blacephalon|Overheat|p2a: Toxapex\n|-resisted|p2a: Toxapex\n|-damage|p2a: Toxapex|50/100\n|-unboost|p1a: Blacephalon|spa|2\n|\n|upkeep\n|turn|31\n|\n|t:|1791132377\n|switch|p1a: Slowking|Slowking-Galar, F|100/100\n|switch|p2a: Kartana|Kartana|100/100\n|\n|upkeep\n|turn|32\n|\n|t:|1791132389\n|switch|p2a: Toxapex|Toxapex, M|83/100\n|switch|p1a: Corviknight|Corviknight, F|84/100\n|-ability|p1a: Corviknight|Pressure\n|\n|upkeep\n|turn|33\n|inactive|bandit ken has 120 seconds left.\n|\n|t:|1791132409\n|switch|p1a: Slowking|Slowking-Galar, F|100/100\n|move|p2a: Toxapex|Scald|p1a: Slowking\n|-damage|p1a: Slowking|92/100\n|-status|p1a: Slowking|brn\n|\n|-damage|p1a: Slowking|86/100 brn|[from] brn\n|upkeep\n|turn|34\n|inactive|bandit ken has 120 seconds left.\n|\n|t:|1791132436\n|move|p2a: Toxapex|Toxic Spikes|p1a: Slowking\n|-sidestart|p1: bandit ken|move: Toxic Spikes\n|move|p1a: Slowking|Scald|p2a: Toxapex\n|-resisted|p2a: Toxapex\n|-damage|p2a: Toxapex|75/100\n|\n|-damage|p1a: Slowking|80/100 brn|[from] brn\n|upkeep\n|turn|35\n|inactive|bandit ken has 120 seconds left.\n|\n|t:|1791132449\n|switch|p2a: Obstagoon|Obstagoon, F|30/100 brn\n|move|p1a: Slowking|Future Sight|p2a: Obstagoon\n|-start|p1a: Slowking|move: Future Sight\n|\n|-damage|p2a: Obstagoon|23/100 brn|[from] brn\n|-damage|p1a: Slowking|74/100 brn|[from] brn\n|upkeep\n|turn|36\n|inactive|bandit ken has 120 seconds left.\n|\n|t:|1791132477\n|switch|p1a: Toxapex|Toxapex, M|76/100\n|-sideend|p1: bandit ken|move: Toxic Spikes|[of] p1a: Toxapex\n|move|p2a: Obstagoon|Bulk Up|p2a: Obstagoon\n|-boost|p2a: Obstagoon|atk|1\n|-boost|p2a: Obstagoon|def|1\n|\n|-damage|p2a: Obstagoon|17/100 brn|[from] brn\n|upkeep\n|turn|37\n|\n|t:|1791132489\n|switch|p1a: Corviknight|Corviknight, F|84/100\n|-ability|p1a: Corviknight|Pressure\n|move|p2a: Obstagoon|Facade|p1a: Corviknight\n|-resisted|p1a: Corviknight\n|-damage|p1a: Corviknight|48/100\n|\n|-end|p2a: Obstagoon|move: Future Sight\n|-immune|p2a: Obstagoon\n|-damage|p2a: Obstagoon|11/100 brn|[from] brn\n|upkeep\n|turn|38\n|\n|t:|1791132505\n|switch|p1a: Toxapex|Toxapex, M|100/100\n|move|p2a: Obstagoon|Close Combat|p1a: Toxapex\n|-resisted|p1a: Toxapex\n|-damage|p1a: Toxapex|76/100\n|-unboost|p2a: Obstagoon|def|1\n|-unboost|p2a: Obstagoon|spd|1\n|\n|-damage|p2a: Obstagoon|5/100 brn|[from] brn\n|upkeep\n|turn|39\n|\n|t:|1791132515\n|move|p2a: Obstagoon|Facade|p1a: Toxapex\n|-damage|p1a: Toxapex|0 fnt\n|faint|p1a: Toxapex\n|\n|-damage|p2a: Obstagoon|0 fnt|[from] brn\n|faint|p2a: Obstagoon\n|upkeep\n|j|#Thorys\n|j| full random battle\n|inactive|bandit ken has 90 seconds left.\n|\n|t:|1791132542\n|switch|p2a: Toxapex|Toxapex, M|100/100\n|switch|p1a: Blacephalon|Blacephalon|100/100\n|turn|40\n|inactive|bandit ken has 90 seconds left.\n|\n|t:|1791132550\n|move|p1a: Blacephalon|Shadow Ball|p2a: Toxapex\n|-damage|p2a: Toxapex|44/100\n|move|p2a: Toxapex|Scald|p1a: Blacephalon\n|-supereffective|p1a: Blacephalon\n|-damage|p1a: Blacephalon|46/100\n|\n|upkeep\n|turn|41\n|j|+lemonstre1\n|\n|t:|1791132579\n|switch|p2a: Clefable|Clefable, M|95/100\n|move|p1a: Blacephalon|Shadow Ball|p2a: Clefable\n|-damage|p2a: Clefable|27/100\n|\n|upkeep\n|turn|42\n|\n|t:|1791132586\n|move|p1a: Blacephalon|Shadow Ball|p2a: Clefable\n|-damage|p2a: Clefable|0 fnt\n|faint|p2a: Clefable\n|-ability|p1a: Blacephalon|Beast Boost|boost\n|-boost|p1a: Blacephalon|spa|1\n|\n|upkeep\n|c|+lemonstre1|aller bandit!\n|inactive|Selen Gibbon has 120 seconds left.\n|\n|t:|1791132604\n|switch|p2a: Kartana|Kartana|100/100\n|turn|43\n|inactive|bandit ken has 90 seconds left.\n|c| lvbg1|\u00e7a essaie le bluff ?\n|inactive|bandit ken has 60 seconds left.\n|c|+lemonstre1|ouai\n|c|+lemonstre1|c spec kart\n|\n|t:|1791132672\n|switch|p1a: Slowking|Slowking-Galar, F|100/100 brn\n|move|p2a: Kartana|Smart Strike|p1a: Slowking\n|-damage|p1a: Slowking|64/100 brn\n|\n|-damage|p1a: Slowking|57/100 brn|[from] brn\n|upkeep\n|turn|44\n|\n|t:|1791132687\n|switch|p2a: Landorus|Landorus-Therian, M|100/100\n|-ability|p2a: Landorus|Intimidate|boost\n|-unboost|p1a: Slowking|atk|1\n|move|p1a: Slowking|Future Sight|p2a: Landorus\n|-start|p1a: Slowking|move: Future Sight\n|\n|-damage|p1a: Slowking|51/100 brn|[from] brn\n|upkeep\n|turn|45\n|inactive|bandit ken has 60 seconds left.\n|inactive|bandit ken has 30 seconds left.\n|c| lvbg1|maintenant le d\u00e9m\u00e9t\u00e9ros va pouvoir casser les couilles \u00e0 loisir\n|inactive|bandit ken has 20 seconds left.\n|\n|t:|1791132734\n|switch|p1a: Blacephalon|Blacephalon|46/100\n|move|p2a: Landorus|U-turn|p1a: Blacephalon\n|-resisted|p1a: Blacephalon\n|-damage|p1a: Blacephalon|34/100\n|\n|t:|1791132749\n|switch|p2a: Kartana|Kartana|100/100|[from] U-turn\n|\n|upkeep\n|turn|46\n|inactive|bandit ken has 30 seconds left.\n|inactive|bandit ken has 20 seconds left.\n|inactive|Selen Gibbon has 120 seconds left.\n|j| summer 2025\n|\n|t:|1791132771\n|switch|p2a: Landorus|Landorus-Therian, M|100/100\n|-ability|p2a: Landorus|Intimidate|boost\n|-unboost|p1a: Blacephalon|atk|1\n|switch|p1a: Corviknight|Corviknight, F|48/100\n|-ability|p1a: Corviknight|Pressure\n|\n|-end|p2a: Landorus|move: Future Sight\n|-crit|p2a: Landorus\n|-damage|p2a: Landorus|50/100\n|-heal|p2a: Landorus|56/100|[from] item: Leftovers\n|upkeep\n|turn|47\n|inactive|bandit ken has 30 seconds left this turn.\n|l| summer 2025\n|inactive|Selen Gibbon has 120 seconds left.\n|inactive|bandit ken has 20 seconds left.\n|\n|t:|1791132782\n|move|p2a: Landorus|U-turn|p1a: Corviknight\n|-resisted|p1a: Corviknight\n|-damage|p1a: Corviknight|45/100\n|inactive|Selen Gibbon has 120 seconds left.\n|\n|t:|1791132794\n|switch|p2a: Toxapex|Toxapex, M|77/100|[from] U-turn\n|move|p1a: Corviknight|Roost|p1a: Corviknight\n|-heal|p1a: Corviknight|95/100\n|-singleturn|p1a: Corviknight|move: Roost\n|\n|upkeep\n|turn|48\n|inactive|bandit ken has 30 seconds left.\n|inactive|Selen Gibbon has 120 seconds left.\n|j| Blueflea.N\n|\n|t:|1791132813\n|move|p1a: Corviknight|U-turn|p2a: Toxapex\n|-resisted|p2a: Toxapex\n|-damage|p2a: Toxapex|73/100\n|inactive|bandit ken has 30 seconds left this turn.\n|inactive|bandit ken has 20 seconds left.\n|l| Blueflea.N\n|inactive|bandit ken has 15 seconds left.\n|\n|t:|1791132829\n|switch|p1a: Slowking|Slowking-Galar, F|85/100 brn|[from] U-turn\n|move|p2a: Toxapex|Scald|p1a: Slowking\n|-damage|p1a: Slowking|77/100 brn\n|\n|-damage|p1a: Slowking|71/100 brn|[from] brn\n|upkeep\n|turn|49\n|inactive|bandit ken has 25 seconds left this turn.\n|inactive|bandit ken has 20 seconds left.\n|inactive|Selen Gibbon has 120 seconds left.\n|\n|t:|1791132839\n|switch|p2a: Kartana|Kartana|100/100\n|move|p1a: Slowking|Scald|p2a: Kartana\n|-resisted|p2a: Kartana\n|-damage|p2a: Kartana|70/100\n|-status|p2a: Kartana|brn\n|\n|-damage|p2a: Kartana|63/100 brn|[from] brn\n|-damage|p1a: Slowking|65/100 brn|[from] brn\n|upkeep\n|turn|50\n|inactive|bandit ken has 30 seconds left this turn.\n|inactive|Selen Gibbon has 120 seconds left.\n|c|\u2606Selen Gibbon|gg\n|inactive|bandit ken has 20 seconds left.\n|-message|Selen Gibbon forfeited.\n|\n|win|bandit ken\n|n|\u2606bandit ken|banditken\n|n|\u2606Selen Gibbon|selengibbon\n|n|+zoyotte|zoyotte\n|n| sulfura152|sulfura152\n|n| lvbg1|lvbg1\n|n| tf|tf\n|n| Frankl1\u2665|frankl1\n|n| Thorys|thorys\n|n| full random battle|fullrandombattle\n|n| lemonstre1|lemonstre1\n", "uploadtime": 1791132851, "views": "3", "formatid": "gen8ou", "rating": null, "private": 0, "password": null}