{"id": "gen8ou-2694635988", "format": "[Gen 8] OU", "players": ["its a game chill", "littlesakura666"], "log": "|j|\u2606its a game chill\n|j|\u2606littlesakura666\n|t:|1791409068\n|gametype|singles\n|player|p1|its a game chill|101|1296\n|player|p2|littlesakura666|battlegirl-gen4|1000\n|gen|8\n|tier|[Gen 8] OU\n|rated|\n|rule|HP Percentage Mod: HP is shown in percentages\n|rule|Endless Battle Clause: Forcing endless battles is banned\n|rule|Sleep Clause Mod: Limit one foe put to sleep\n|rule|Species Clause: Limit one of each Pok\u00e9mon\n|rule|OHKO Clause: OHKO moves are banned\n|rule|Evasion Items Clause: Evasion items are banned\n|rule|Evasion Moves Clause: Evasion moves are banned\n|rule|Dynamax Clause: You cannot dynamax\n|clearpoke\n|poke|p1|Tyranitar, F|\n|poke|p1|Ninetales-Alola, M|\n|poke|p1|Zapdos|\n|poke|p1|Tapu Bulu|\n|poke|p1|Dracozolt|\n|poke|p1|Arctozolt|\n|poke|p2|Tapu Koko|\n|poke|p2|Urshifu-*, M|\n|poke|p2|Kartana|\n|poke|p2|Melmetal|\n|poke|p2|Tapu Fini|\n|poke|p2|Landorus-Therian, M|\n|teampreview\n|inactive|Battle timer is ON: inactive players will automatically lose when time's up. (requested by its a game chill)\n|inactive|littlesakura666 has 120 seconds left.\n|\n|t:|1791409117\n|teamsize|p1|6\n|teamsize|p2|6\n|start\n|switch|p1a: Dr. Stone|Tyranitar, F|100/100\n|switch|p2a: Landorus|Landorus-Therian, M|100/100\n|-ability|p2a: Landorus|Intimidate|boost\n|-unboost|p1a: Dr. Stone|atk|1\n|-weather|Sandstorm|[from] ability: Sand Stream|[of] p1a: Dr. Stone\n|turn|1\n|\n|t:|1791409136\n|move|p2a: Landorus|Earthquake|p1a: Dr. Stone\n|-supereffective|p1a: Dr. Stone\n|-damage|p1a: Dr. Stone|21/100\n|move|p1a: Dr. Stone|Ice Beam|p2a: Landorus\n|-supereffective|p2a: Landorus\n|-damage|p2a: Landorus|10/100\n|-status|p2a: Landorus|frz\n|\n|-weather|Sandstorm|[upkeep]\n|-heal|p2a: Landorus|16/100 frz|[from] item: Leftovers\n|-heal|p1a: Dr. Stone|27/100|[from] item: Leftovers\n|upkeep\n|turn|2\n|\n|t:|1791409153\n|switch|p1a: Lady Frost|Ninetales-Alola, M|100/100\n|-weather|Hail|[from] ability: Snow Warning|[of] p1a: Lady Frost\n|cant|p2a: Landorus|frz\n|\n|-weather|Hail|[upkeep]\n|-damage|p2a: Landorus|10/100 frz|[from] Hail\n|-heal|p2a: Landorus|16/100 frz|[from] item: Leftovers\n|upkeep\n|turn|3\n|\n|t:|1791409165\n|switch|p2a: Melmetal|Melmetal|100/100\n|move|p1a: Lady Frost|Aurora Veil|p1a: Lady Frost\n|-sidestart|p1: its a game chill|move: Aurora Veil\n|\n|-weather|Hail|[upkeep]\n|-damage|p2a: Melmetal|94/100|[from] Hail\n|-heal|p2a: Melmetal|100/100|[from] item: Leftovers\n|upkeep\n|turn|4\n|inactive|littlesakura666 has 120 seconds left.\n|\n|t:|1791409193\n|switch|p1a: The Witch|Zapdos|100/100\n|move|p2a: Melmetal|Substitute|p2a: Melmetal\n|-start|p2a: Melmetal|Substitute\n|-damage|p2a: Melmetal|76/100\n|\n|-weather|Hail|[upkeep]\n|-damage|p1a: The Witch|94/100|[from] Hail\n|-damage|p2a: Melmetal|69/100|[from] Hail\n|-heal|p2a: Melmetal|76/100|[from] item: Leftovers\n|upkeep\n|turn|5\n|inactive|littlesakura666 has 120 seconds left.\n|inactive|littlesakura666 has 90 seconds left.\n|\n|t:|1791409238\n|move|p1a: The Witch|Heat Wave|p2a: Melmetal\n|-supereffective|p2a: Melmetal\n|-end|p2a: Melmetal|Substitute\n|move|p2a: Melmetal|Substitute|p2a: Melmetal\n|-start|p2a: Melmetal|Substitute\n|-damage|p2a: Melmetal|51/100\n|\n|-weather|Hail|[upkeep]\n|-damage|p1a: The Witch|88/100|[from] Hail\n|-damage|p2a: Melmetal|45/100|[from] Hail\n|-heal|p2a: Melmetal|51/100|[from] item: Leftovers\n|upkeep\n|turn|6\n|inactive|littlesakura666 has 90 seconds left.\n|\n|t:|1791409253\n|move|p1a: The Witch|Heat Wave|p2a: Melmetal\n|-supereffective|p2a: Melmetal\n|-end|p2a: Melmetal|Substitute\n|move|p2a: Melmetal|Double Iron Bash|p1a: The Witch\n|-resisted|p1a: The Witch\n|-damage|p1a: The Witch|82/100\n|-resisted|p1a: The Witch\n|-crit|p1a: The Witch\n|-damage|p1a: The Witch|65/100\n|-hitcount|p1a: The Witch|2\n|\n|-weather|none\n|-heal|p2a: Melmetal|57/100|[from] item: Leftovers\n|upkeep\n|turn|7\n|\n|t:|1791409264\n|switch|p2a: Tapu Koko|Tapu Koko|100/100\n|-fieldstart|move: Electric Terrain|[from] ability: Electric Surge|[of] p2a: Tapu Koko\n|move|p1a: The Witch|Volt Switch|p2a: Tapu Koko\n|-resisted|p2a: Tapu Koko\n|-damage|p2a: Tapu Koko|76/100\n|\n|t:|1791409274\n|switch|p1a: Dr. Stone|Tyranitar, F|27/100|[from] Volt Switch\n|-weather|Sandstorm|[from] ability: Sand Stream|[of] p1a: Dr. Stone\n|\n|-weather|Sandstorm|[upkeep]\n|-damage|p2a: Tapu Koko|70/100|[from] Sandstorm\n|-heal|p1a: Dr. Stone|33/100|[from] item: Leftovers\n|-sideend|p1: its a game chill|move: Aurora Veil\n|upkeep\n|turn|8\n|inactive|its a game chill has 120 seconds left.\n|inactive|littlesakura666 has 90 seconds left.\n|\n|t:|1791409323\n|switch|p1a: The Archbishop|Tapu Bulu|100/100\n|-fieldstart|move: Grassy Terrain|[from] ability: Grassy Surge|[of] p1a: The Archbishop\n|move|p2a: Tapu Koko|Dazzling Gleam|p1a: The Archbishop\n|-damage|p1a: The Archbishop|47/100\n|\n|-weather|Sandstorm|[upkeep]\n|-damage|p2a: Tapu Koko|64/100|[from] Sandstorm\n|-damage|p1a: The Archbishop|41/100|[from] Sandstorm\n|-heal|p2a: Tapu Koko|70/100|[from] Grassy Terrain\n|-heal|p1a: The Archbishop|47/100|[from] Grassy Terrain\n|upkeep\n|turn|9\n|inactive|its a game chill has 120 seconds left.\n|inactive|littlesakura666 has 60 seconds left.\n|\n|t:|1791409350\n|move|p2a: Tapu Koko|Dazzling Gleam|p1a: The Archbishop\n|-damage|p1a: The Archbishop|0 fnt\n|faint|p1a: The Archbishop\n|\n|-weather|Sandstorm|[upkeep]\n|-damage|p2a: Tapu Koko|64/100|[from] Sandstorm\n|-heal|p2a: Tapu Koko|70/100|[from] Grassy Terrain\n|upkeep\n|inactive|its a game chill has 120 seconds left.\n|\n|t:|1791409356\n|switch|p1a: Sin.|Dracozolt|100/100\n|turn|10\n|inactive|littlesakura666 has 60 seconds left.\n|\n|t:|1791409363\n|switch|p2a: Landorus|Landorus-Therian, M|16/100 frz\n|-ability|p2a: Landorus|Intimidate|boost\n|-unboost|p1a: Sin.|atk|1\n|move|p1a: Sin.|Dragon Claw|p2a: Landorus\n|-damage|p2a: Landorus|0 fnt\n|faint|p2a: Landorus\n|\n|-weather|Sandstorm|[upkeep]\n|upkeep\n|inactive|littlesakura666 has 60 seconds left.\n|\n|t:|1791409372\n|switch|p2a: Melmetal|Melmetal|57/100\n|turn|11\n|\n|t:|1791409380\n|switch|p1a: The Witch|Zapdos|65/100\n|move|p2a: Melmetal|Double Iron Bash|p1a: The Witch\n|-resisted|p1a: The Witch\n|-damage|p1a: The Witch|54/100\n|-status|p2a: Melmetal|par|[from] ability: Static|[of] p1a: The Witch\n|-resisted|p1a: The Witch\n|-damage|p1a: The Witch|42/100\n|-hitcount|p1a: The Witch|2\n|\n|-weather|none\n|-heal|p2a: Melmetal|63/100 par|[from] Grassy Terrain\n|-heal|p2a: Melmetal|69/100 par|[from] item: Leftovers\n|upkeep\n|turn|12\n|\n|t:|1791409386\n|switch|p2a: Tapu Koko|Tapu Koko|70/100\n|-fieldstart|move: Electric Terrain|[from] ability: Electric Surge|[of] p2a: Tapu Koko\n|move|p1a: The Witch|Roost|p1a: The Witch\n|-heal|p1a: The Witch|92/100\n|-singleturn|p1a: The Witch|move: Roost\n|\n|upkeep\n|turn|13\n|\n|t:|1791409408\n|switch|p1a: Lady Frost|Ninetales-Alola, M|100/100\n|-weather|Hail|[from] ability: Snow Warning|[of] p1a: Lady Frost\n|move|p2a: Tapu Koko|Dazzling Gleam|p1a: Lady Frost\n|-damage|p1a: Lady Frost|45/100\n|\n|-weather|Hail|[upkeep]\n|-damage|p2a: Tapu Koko|64/100|[from] Hail\n|upkeep\n|turn|14\n|\n|t:|1791409423\n|switch|p1a: Mr. Frost|Arctozolt|100/100\n|move|p2a: Tapu Koko|Dazzling Gleam|p1a: Mr. Frost\n|-damage|p1a: Mr. Frost|26/100\n|\n|-weather|Hail|[upkeep]\n|-damage|p2a: Tapu Koko|58/100|[from] Hail\n|upkeep\n|turn|15\n|\n|t:|1791409441\n|switch|p2a: Melmetal|Melmetal|69/100 par\n|move|p1a: Mr. Frost|Bolt Beak|p2a: Melmetal\n|-damage|p2a: Melmetal|17/100 par\n|\n|-weather|Hail|[upkeep]\n|-damage|p2a: Melmetal|11/100 par|[from] Hail\n|-heal|p2a: Melmetal|17/100 par|[from] item: Leftovers\n|upkeep\n|turn|16\n|\n|t:|1791409447\n|move|p1a: Mr. Frost|Bolt Beak|p2a: Melmetal\n|-crit|p2a: Melmetal\n|-damage|p2a: Melmetal|0 fnt\n|faint|p2a: Melmetal\n|\n|-weather|Hail|[upkeep]\n|-fieldend|move: Electric Terrain\n|upkeep\n|\n|t:|1791409453\n|switch|p2a: Kartana|Kartana|100/100\n|turn|17\n|\n|t:|1791409465\n|switch|p1a: The Witch|Zapdos|92/100\n|move|p2a: Kartana|Knock Off|p1a: The Witch\n|-crit|p1a: The Witch\n|-damage|p1a: The Witch|43/100\n|-enditem|p1a: The Witch|Heavy-Duty Boots|[from] move: Knock Off|[of] p2a: Kartana\n|\n|-weather|none\n|upkeep\n|turn|18\n|\n|t:|1791409471\n|switch|p2a: Tapu Koko|Tapu Koko|58/100\n|-fieldstart|move: Electric Terrain|[from] ability: Electric Surge|[of] p2a: Tapu Koko\n|move|p1a: The Witch|Roost|p1a: The Witch\n|-heal|p1a: The Witch|93/100\n|-singleturn|p1a: The Witch|move: Roost\n|\n|upkeep\n|turn|19\n|inactive|littlesakura666 has 90 seconds left.\n|\n|t:|1791409490\n|switch|p1a: Lady Frost|Ninetales-Alola, M|45/100\n|-weather|Hail|[from] ability: Snow Warning|[of] p1a: Lady Frost\n|move|p2a: Tapu Koko|Volt Switch|p1a: Lady Frost\n|-damage|p1a: Lady Frost|0 fnt\n|faint|p1a: Lady Frost\n|inactive|littlesakura666 has 90 seconds left.\n|\n|t:|1791409498\n|switch|p2a: Kartana|Kartana|100/100|[from] Volt Switch\n|\n|-weather|Hail|[upkeep]\n|-damage|p2a: Kartana|94/100|[from] Hail\n|upkeep\n|\n|t:|1791409501\n|switch|p1a: The Witch|Zapdos|93/100\n|turn|20\n|\n|t:|1791409509\n|switch|p2a: Tapu Fini|Tapu Fini|100/100\n|-fieldstart|move: Misty Terrain|[from] ability: Misty Surge|[of] p2a: Tapu Fini\n|move|p1a: The Witch|Volt Switch|p2a: Tapu Fini\n|-supereffective|p2a: Tapu Fini\n|-damage|p2a: Tapu Fini|59/100\n|\n|t:|1791409516\n|switch|p1a: Mr. Frost|Arctozolt|26/100|[from] Volt Switch\n|\n|-weather|Hail|[upkeep]\n|-damage|p2a: Tapu Fini|52/100|[from] Hail\n|-heal|p2a: Tapu Fini|59/100|[from] item: Leftovers\n|upkeep\n|turn|21\n|\n|t:|1791409519\n|move|p1a: Mr. Frost|Bolt Beak|p2a: Tapu Fini\n|-supereffective|p2a: Tapu Fini\n|-damage|p2a: Tapu Fini|0 fnt\n|faint|p2a: Tapu Fini\n|\n|-weather|Hail|[upkeep]\n|upkeep\n|\n|t:|1791409522\n|switch|p2a: Kartana|Kartana|94/100\n|turn|22\n|inactive|littlesakura666 has 120 seconds left.\n|\n|t:|1791409536\n|switch|p1a: The Witch|Zapdos|93/100\n|move|p2a: Kartana|Smart Strike|p1a: The Witch\n|-resisted|p1a: The Witch\n|-crit|p1a: The Witch\n|-damage|p1a: The Witch|71/100\n|\n|-weather|Hail|[upkeep]\n|-damage|p2a: Kartana|88/100|[from] Hail\n|-damage|p1a: The Witch|64/100|[from] Hail\n|upkeep\n|turn|23\n|\n|t:|1791409546\n|switch|p2a: Tapu Koko|Tapu Koko|58/100\n|-fieldstart|move: Electric Terrain|[from] ability: Electric Surge|[of] p2a: Tapu Koko\n|move|p1a: The Witch|Volt Switch|p2a: Tapu Koko\n|-resisted|p2a: Tapu Koko\n|-damage|p2a: Tapu Koko|36/100\n|\n|t:|1791409554\n|switch|p1a: Dr. Stone|Tyranitar, F|33/100|[from] Volt Switch\n|-weather|Sandstorm|[from] ability: Sand Stream|[of] p1a: Dr. Stone\n|\n|-weather|Sandstorm|[upkeep]\n|-damage|p2a: Tapu Koko|30/100|[from] Sandstorm\n|-heal|p1a: Dr. Stone|39/100|[from] item: Leftovers\n|upkeep\n|turn|24\n|\n|t:|1791409570\n|switch|p1a: Mr. Frost|Arctozolt|26/100\n|move|p2a: Tapu Koko|Dazzling Gleam|p1a: Mr. Frost\n|-damage|p1a: Mr. Frost|0 fnt\n|faint|p1a: Mr. Frost\n|\n|-weather|Sandstorm|[upkeep]\n|-damage|p2a: Tapu Koko|24/100|[from] Sandstorm\n|upkeep\n|\n|t:|1791409573\n|switch|p1a: Sin.|Dracozolt|100/100\n|turn|25\n|\n|t:|1791409584\n|switch|p2a: Urshifu|Urshifu-Rapid-Strike, M|100/100\n|move|p1a: Sin.|Bolt Beak|p2a: Urshifu\n|-supereffective|p2a: Urshifu\n|-damage|p2a: Urshifu|0 fnt\n|faint|p2a: Urshifu\n|\n|-weather|Sandstorm|[upkeep]\n|upkeep\n|\n|t:|1791409589\n|switch|p2a: Kartana|Kartana|88/100\n|turn|26\n|\n|t:|1791409597\n|move|p2a: Kartana|Leaf Blade|p1a: Sin.\n|-resisted|p1a: Sin.\n|-damage|p1a: Sin.|67/100\n|move|p1a: Sin.|Bolt Beak|p2a: Kartana\n|-resisted|p2a: Kartana\n|-damage|p2a: Kartana|49/100\n|\n|-weather|Sandstorm|[upkeep]\n|upkeep\n|turn|27\n|\n|t:|1791409606\n|move|p2a: Kartana|Leaf Blade|p1a: Sin.\n|-resisted|p1a: Sin.\n|-damage|p1a: Sin.|32/100\n|move|p1a: Sin.|Bolt Beak|p2a: Kartana\n|-resisted|p2a: Kartana\n|-damage|p2a: Kartana|10/100\n|\n|-weather|none\n|-fieldend|move: Electric Terrain\n|upkeep\n|turn|28\n|\n|t:|1791409614\n|switch|p1a: The Witch|Zapdos|64/100\n|move|p2a: Kartana|Leaf Blade|p1a: The Witch\n|-resisted|p1a: The Witch\n|-damage|p1a: The Witch|41/100\n|\n|upkeep\n|turn|29\n|\n|t:|1791409636\n|switch|p2a: Tapu Koko|Tapu Koko|24/100\n|-fieldstart|move: Electric Terrain|[from] ability: Electric Surge|[of] p2a: Tapu Koko\n|move|p1a: The Witch|Roost|p1a: The Witch\n|-heal|p1a: The Witch|91/100\n|-singleturn|p1a: The Witch|move: Roost\n|\n|upkeep\n|turn|30\n|c|\u2606its a game chill|ggs\n|inactive|littlesakura666 has 120 seconds left.\n|\n|t:|1791409664\n|switch|p1a: Dr. Stone|Tyranitar, F|39/100\n|-weather|Sandstorm|[from] ability: Sand Stream|[of] p1a: Dr. Stone\n|move|p2a: Tapu Koko|Thunderbolt|p1a: Dr. Stone\n|-damage|p1a: Dr. Stone|0 fnt\n|faint|p1a: Dr. Stone\n|\n|-weather|Sandstorm|[upkeep]\n|-damage|p2a: Tapu Koko|18/100|[from] Sandstorm\n|upkeep\n|c|\u2606its a game chill|specs on koko is nasty\n|\n|t:|1791409671\n|switch|p1a: Sin.|Dracozolt|32/100\n|turn|31\n|\n|t:|1791409677\n|move|p1a: Sin.|Bolt Beak|p2a: Tapu Koko\n|-resisted|p2a: Tapu Koko\n|-damage|p2a: Tapu Koko|0 fnt\n|faint|p2a: Tapu Koko\n|\n|-weather|Sandstorm|[upkeep]\n|upkeep\n|\n|t:|1791409679\n|switch|p2a: Kartana|Kartana|10/100\n|turn|32\n|\n|t:|1791409683\n|switch|p1a: The Witch|Zapdos|91/100\n|move|p2a: Kartana|Knock Off|p1a: The Witch\n|-damage|p1a: The Witch|69/100\n|\n|-weather|Sandstorm|[upkeep]\n|-damage|p1a: The Witch|63/100|[from] Sandstorm\n|upkeep\n|turn|33\n|\n|t:|1791409688\n|move|p2a: Kartana|Knock Off|p1a: The Witch\n|-damage|p1a: The Witch|42/100\n|-status|p2a: Kartana|par|[from] ability: Static|[of] p1a: The Witch\n|move|p1a: The Witch|Volt Switch|p2a: Kartana\n|-resisted|p2a: Kartana\n|-damage|p2a: Kartana|0 fnt\n|faint|p2a: Kartana\n|\n|win|its a game chill\n|raw|its a game chill's rating: 1296 &rarr; <strong>1304</strong><br />(+8 for winning)\n|raw|littlesakura666's rating: 1000 &rarr; <strong>1000</strong><br />(+0 for losing)\n|l|\u2606littlesakura666\n|player|p2|\n", "uploadtime": 1791409694, "views": "10", "formatid": "gen8ou", "rating": 1000, "private": 0, "password": null}