{"id": "gen8ou-2695189757", "format": "[Gen 8] OU", "players": ["457 get rekt \u25c9", "rnd0mnme"], "log": "|j|\u2606457 get rekt \u25c9\n|j|\u2606rnd0mnme\n|t:|1791491184\n|gametype|singles\n|player|p1|457 get rekt \u25c9|ingo|\n|player|p2|rnd0mnme|pokemonbreederf-gen3frlg|\n|gen|8\n|tier|[Gen 8] OU\n|rated|Tournament battle\n|rule|HP Percentage Mod: HP is shown in percentages\n|rule|Endless Battle Clause: Forcing endless battles is banned\n|rule|Sleep Clause Mod: Limit one foe put to sleep\n|rule|Species Clause: Limit one of each Pok\u00e9mon\n|rule|OHKO Clause: OHKO moves are banned\n|rule|Evasion Items Clause: Evasion items are banned\n|rule|Evasion Moves Clause: Evasion moves are banned\n|rule|Dynamax Clause: You cannot dynamax\n|clearpoke\n|poke|p1|Dragonite, F|\n|poke|p1|Dragapult, M|\n|poke|p1|Dracozolt|\n|poke|p1|Latias, F|\n|poke|p1|Garchomp, F|\n|poke|p1|Kommo-o, M|\n|poke|p2|Heatran, F|\n|poke|p2|Rotom-Wash|\n|poke|p2|Weavile, M|\n|poke|p2|Tapu Lele|\n|poke|p2|Kartana|\n|poke|p2|Landorus-Therian, M|\n|teampreview\n|inactive|Battle timer is ON: inactive players will automatically lose when time's up. (requested by rnd0mnme)\n|c|\u2606rnd0mnme|glhf!\n|j| Skittyrox\n|\n|t:|1791491213\n|teamsize|p1|6\n|teamsize|p2|6\n|start\n|switch|p1a: Garchomp|Garchomp, F|100/100\n|switch|p2a: Kartana|Kartana|100/100\n|turn|1\n|c|\u2606rnd0mnme|howdy, skitty\n|c| Skittyrox|hey\n|\n|t:|1791491231\n|switch|p2a: Rotom|Rotom-Wash|100/100\n|move|p1a: Garchomp|Earthquake|p2a: Rotom\n|-immune|p2a: Rotom|[from] ability: Levitate\n|\n|upkeep\n|turn|2\n|\n|t:|1791491238\n|move|p1a: Garchomp|Draco Meteor|p2a: Rotom\n|-damage|p2a: Rotom|61/100\n|-unboost|p1a: Garchomp|spa|2\n|move|p2a: Rotom|Will-O-Wisp|p1a: Garchomp\n|-status|p1a: Garchomp|brn\n|\n|-heal|p2a: Rotom|67/100|[from] item: Leftovers\n|-damage|p1a: Garchomp|94/100 brn|[from] brn\n|upkeep\n|turn|3\n|\n|t:|1791491252\n|switch|p1a: Dragapult|Dragapult, M|100/100\n|move|p2a: Rotom|Hydro Pump|p1a: Dragapult\n|-resisted|p1a: Dragapult\n|-crit|p1a: Dragapult\n|-damage|p1a: Dragapult|57/100\n|\n|-heal|p2a: Rotom|73/100|[from] item: Leftovers\n|upkeep\n|turn|4\n|\n|t:|1791491263\n|switch|p2a: Heatran|Heatran, F|100/100\n|move|p1a: Dragapult|Will-O-Wisp|p2a: Heatran\n|-immune|p2a: Heatran\n|\n|upkeep\n|turn|5\n|\n|t:|1791491283\n|switch|p1a: Dracozolt|Dracozolt|100/100\n|move|p2a: Heatran|Stealth Rock|p1a: Dracozolt\n|-sidestart|p1: 457 get rekt \u25c9|move: Stealth Rock\n|\n|upkeep\n|turn|6\n|inactive|457 get rekt \u25c9 has 120 seconds left.\n|\n|t:|1791491305\n|switch|p2a: Landorus|Landorus-Therian, M|100/100\n|-ability|p2a: Landorus|Intimidate|boost\n|-unboost|p1a: Dracozolt|atk|1\n|move|p1a: Dracozolt|Rock Slide|p2a: Landorus|[miss]\n|-miss|p1a: Dracozolt|p2a: Landorus\n|\n|upkeep\n|turn|7\n|\n|t:|1791491313\n|move|p1a: Dracozolt|Rock Slide|p2a: Landorus|[miss]\n|-miss|p1a: Dracozolt|p2a: Landorus\n|move|p2a: Landorus|Earthquake|p1a: Dracozolt\n|-supereffective|p1a: Dracozolt\n|-crit|p1a: Dracozolt\n|-damage|p1a: Dracozolt|0 fnt\n|faint|p1a: Dracozolt\n|\n|upkeep\n|c|\u2606rnd0mnme|mb\n|c|\u2606457 get rekt \u25c9|ggs\n|inactive|457 get rekt \u25c9 has 120 seconds left.\n|\n|t:|1791491329\n|switch|p1a: Kommo-o|Kommo-o, M|100/100\n|-damage|p1a: Kommo-o|94/100|[from] Stealth Rock\n|turn|8\n|inactive|457 get rekt \u25c9 has 120 seconds left.\n|\n|t:|1791491339\n|move|p1a: Kommo-o|Clangorous Soul|p1a: Kommo-o\n|-boost|p1a: Kommo-o|atk|1\n|-boost|p1a: Kommo-o|def|1\n|-boost|p1a: Kommo-o|spa|1\n|-boost|p1a: Kommo-o|spd|1\n|-boost|p1a: Kommo-o|spe|1\n|-damage|p1a: Kommo-o|62/100\n|move|p2a: Landorus|Toxic|p1a: Kommo-o\n|-status|p1a: Kommo-o|tox\n|\n|-heal|p1a: Kommo-o|68/100 tox|[from] item: Leftovers\n|-damage|p1a: Kommo-o|62/100 tox|[from] psn\n|upkeep\n|turn|9\n|inactive|457 get rekt \u25c9 has 120 seconds left.\n|\n|t:|1791491350\n|move|p1a: Kommo-o|Boomburst|p2a: Landorus\n|-damage|p2a: Landorus|67/100\n|move|p2a: Landorus|Earthquake|p1a: Kommo-o\n|-damage|p1a: Kommo-o|37/100 tox\n|\n|-heal|p1a: Kommo-o|43/100 tox|[from] item: Leftovers\n|-heal|p2a: Landorus|73/100|[from] item: Leftovers\n|-damage|p1a: Kommo-o|31/100 tox|[from] psn\n|upkeep\n|turn|10\n|\n|t:|1791491360\n|move|p1a: Kommo-o|Boomburst|p2a: Landorus\n|-damage|p2a: Landorus|36/100\n|move|p2a: Landorus|Earthquake|p1a: Kommo-o\n|-damage|p1a: Kommo-o|4/100 tox\n|\n|-heal|p1a: Kommo-o|10/100 tox|[from] item: Leftovers\n|-heal|p2a: Landorus|42/100|[from] item: Leftovers\n|-damage|p1a: Kommo-o|0 fnt|[from] psn\n|faint|p1a: Kommo-o\n|upkeep\n|inactive|457 get rekt \u25c9 has 120 seconds left.\n|\n|t:|1791491378\n|switch|p1a: Dragapult|Dragapult, M|57/100\n|-damage|p1a: Dragapult|44/100|[from] Stealth Rock\n|turn|11\n|inactive|457 get rekt \u25c9 has 120 seconds left.\n|\n|t:|1791491388\n|switch|p2a: Heatran|Heatran, F|100/100\n|move|p1a: Dragapult|Dragon Darts|p2a: Heatran\n|-resisted|p2a: Heatran\n|-damage|p2a: Heatran|90/100\n|-anim|p1a: Dragapult|Dragon Darts|p2a: Heatran\n|-resisted|p2a: Heatran\n|-damage|p2a: Heatran|80/100\n|-damage|p1a: Dragapult|35/100|[from] item: Life Orb\n|\n|upkeep\n|turn|12\n|inactive|457 get rekt \u25c9 has 120 seconds left.\n|\n|t:|1791491402\n|switch|p1a: Garchomp|Garchomp, F|94/100 brn\n|-damage|p1a: Garchomp|88/100 brn|[from] Stealth Rock\n|move|p2a: Heatran|Magma Storm|p1a: Garchomp\n|-resisted|p1a: Garchomp\n|-damage|p1a: Garchomp|61/100 brn\n|-activate|p1a: Garchomp|move: Magma Storm|[of] p2a: Heatran\n|\n|-damage|p1a: Garchomp|55/100 brn|[from] brn\n|-damage|p1a: Garchomp|43/100 brn|[from] move: Magma Storm|[partiallytrapped]\n|upkeep\n|turn|13\n|inactive|457 get rekt \u25c9 has 120 seconds left.\n|\n|t:|1791491413\n|move|p1a: Garchomp|Earthquake|p2a: Heatran\n|-supereffective|p2a: Heatran\n|-crit|p2a: Heatran\n|-damage|p2a: Heatran|0 fnt\n|faint|p2a: Heatran\n|\n|-damage|p1a: Garchomp|36/100 brn|[from] brn\n|-end|p1a: Garchomp|Magma Storm|[partiallytrapped]|[silent]\n|upkeep\n|\n|t:|1791491426\n|switch|p2a: Kartana|Kartana|100/100\n|turn|14\n|\n|t:|1791491434\n|move|p2a: Kartana|Knock Off|p1a: Garchomp\n|-damage|p1a: Garchomp|0 fnt\n|-damage|p2a: Kartana|88/100|[from] ability: Rough Skin|[of] p1a: Garchomp\n|-damage|p2a: Kartana|72/100|[from] item: Rocky Helmet|[of] p1a: Garchomp\n|-enditem|p1a: Garchomp|Rocky Helmet|[from] move: Knock Off|[of] p2a: Kartana\n|faint|p1a: Garchomp\n|-ability|p2a: Kartana|Beast Boost|boost\n|-boost|p2a: Kartana|atk|1\n|\n|upkeep\n|inactive|457 get rekt \u25c9 has 120 seconds left.\n|\n|t:|1791491450\n|switch|p1a: Latias|Latias, F|100/100\n|-damage|p1a: Latias|88/100|[from] Stealth Rock\n|turn|15\n|\n|t:|1791491461\n|move|p2a: Kartana|Knock Off|p1a: Latias\n|-supereffective|p1a: Latias\n|-crit|p1a: Latias\n|-damage|p1a: Latias|0 fnt\n|-enditem|p1a: Latias|Soul Dew|[from] move: Knock Off|[of] p2a: Kartana\n|faint|p1a: Latias\n|-ability|p2a: Kartana|Beast Boost|boost\n|-boost|p2a: Kartana|atk|1\n|\n|upkeep\n|inactive|457 get rekt \u25c9 has 120 seconds left.\n|\n|t:|1791491473\n|switch|p1a: Dragonite|Dragonite, F|100/100\n|-damage|p1a: Dragonite|76/100|[from] Stealth Rock\n|turn|16\n|inactive|457 get rekt \u25c9 has 120 seconds left.\n|\n|t:|1791491488\n|move|p2a: Kartana|Knock Off|p1a: Dragonite\n|-damage|p1a: Dragonite|0 fnt\n|-enditem|p1a: Dragonite|Choice Band|[from] move: Knock Off|[of] p2a: Kartana\n|faint|p1a: Dragonite\n|-ability|p2a: Kartana|Beast Boost|boost\n|-boost|p2a: Kartana|atk|1\n|\n|upkeep\n|c|\u2606457 get rekt \u25c9|ggs\n|\n|t:|1791491498\n|switch|p1a: Dragapult|Dragapult, M|35/100\n|-damage|p1a: Dragapult|22/100|[from] Stealth Rock\n|turn|17\n|c|\u2606rnd0mnme|ggs\n|inactive|457 get rekt \u25c9 has 120 seconds left.\n|\n|t:|1791491503\n|move|p2a: Kartana|Knock Off|p1a: Dragapult\n|-supereffective|p1a: Dragapult\n|-damage|p1a: Dragapult|0 fnt\n|-enditem|p1a: Dragapult|Life Orb|[from] move: Knock Off|[of] p2a: Kartana\n|faint|p1a: Dragapult\n|\n|win|rnd0mnme\n|n|\u2606457 get rekt \u25c9|457getrekt\n|n|\u2606rnd0mnme|rnd0mnme\n|n| Skittyrox|skittyrox\n", "uploadtime": 1791491508, "views": "8", "formatid": "gen8ou", "rating": null, "private": 0, "password": null}