{"id": "gen8ou-2690844588", "format": "[Gen 8] OU", "players": ["igiveuponaname", "OLD FLINGS"], "log": "|j|\u2606igiveuponaname\n|j|\u2606OLD FLINGS\n|t:|1790831268\n|gametype|singles\n|player|p1|igiveuponaname|miku-fire|\n|player|p2|OLD FLINGS|elesa|\n|gen|8\n|tier|[Gen 8] OU\n|rated|Tournament battle\n|rule|HP Percentage Mod: HP is shown in percentages\n|rule|Endless Battle Clause: Forcing endless battles is banned\n|rule|Sleep Clause Mod: Limit one foe put to sleep\n|rule|Species Clause: Limit one of each Pok\u00e9mon\n|rule|OHKO Clause: OHKO moves are banned\n|rule|Evasion Items Clause: Evasion items are banned\n|rule|Evasion Moves Clause: Evasion moves are banned\n|rule|Dynamax Clause: You cannot dynamax\n|clearpoke\n|poke|p1|Rillaboom, F|\n|poke|p1|Heatran, F|\n|poke|p1|Nidoking, M|\n|poke|p1|Melmetal|\n|poke|p1|Tornadus-Therian, M|\n|poke|p1|Garchomp, M|\n|poke|p2|Dragapult, F|\n|poke|p2|Landorus-Therian, M|\n|poke|p2|Heatran, M|\n|poke|p2|Tapu Fini|\n|poke|p2|Necrozma|\n|poke|p2|Kartana|\n|teampreview\n|j| BB-8-NU\n|inactive|Battle timer is ON: inactive players will automatically lose when time's up. (requested by igiveuponaname)\n|inactive|OLD FLINGS also wants the timer to be on.\n|\n|t:|1790831291\n|teamsize|p1|6\n|teamsize|p2|6\n|start\n|switch|p1a: Tornadus|Tornadus-Therian, M|100/100\n|switch|p2a: Heatran|Heatran, M|100/100\n|-item|p2a: Heatran|Air Balloon\n|turn|1\n|\n|t:|1790831301\n|move|p1a: Tornadus|U-turn|p2a: Heatran\n|-resisted|p2a: Heatran\n|-damage|p2a: Heatran|97/100\n|-status|p1a: Tornadus|brn|[from] ability: Flame Body|[of] p2a: Heatran\n|-enditem|p2a: Heatran|Air Balloon\n|\n|t:|1790831307\n|switch|p1a: Nidoking|Nidoking, M|100/100|[from] U-turn\n|move|p2a: Heatran|Stealth Rock|p1a: Nidoking\n|-sidestart|p1: igiveuponaname|move: Stealth Rock\n|\n|upkeep\n|turn|2\n|inactive|OLD FLINGS has 120 seconds left.\n|\n|t:|1790831338\n|move|p1a: Nidoking|Ice Beam|p2a: Heatran\n|-resisted|p2a: Heatran\n|-damage|p2a: Heatran|88/100\n|move|p2a: Heatran|Magma Storm|p1a: Nidoking|[miss]\n|-miss|p2a: Heatran|p1a: Nidoking\n|\n|upkeep\n|turn|3\n|\n|t:|1790831342\n|switch|p2a: Landorus|Landorus-Therian, M|100/100\n|-ability|p2a: Landorus|Intimidate|boost\n|-unboost|p1a: Nidoking|atk|1\n|move|p1a: Nidoking|Earth Power|p2a: Landorus\n|-immune|p2a: Landorus\n|\n|upkeep\n|turn|4\n|\n|t:|1790831358\n|switch|p1a: Tornadus|Tornadus-Therian, M|100/100 brn\n|move|p2a: Landorus|Earthquake|p1a: Tornadus\n|-immune|p1a: Tornadus\n|\n|-damage|p1a: Tornadus|94/100 brn|[from] brn\n|upkeep\n|turn|5\n|\n|t:|1790831362\n|switch|p2a: Heatran|Heatran, M|88/100\n|move|p1a: Tornadus|Knock Off|p2a: Heatran\n|-damage|p2a: Heatran|81/100\n|\n|-damage|p1a: Tornadus|88/100 brn|[from] brn\n|upkeep\n|turn|6\n|\n|t:|1790831368\n|move|p1a: Tornadus|U-turn|p2a: Heatran\n|-resisted|p2a: Heatran\n|-damage|p2a: Heatran|79/100\n|\n|t:|1790831370\n|switch|p1a: Garchomp|Garchomp, M|100/100|[from] U-turn\n|-damage|p1a: Garchomp|94/100|[from] Stealth Rock\n|move|p2a: Heatran|Magma Storm|p1a: Garchomp\n|-resisted|p1a: Garchomp\n|-crit|p1a: Garchomp\n|-damage|p1a: Garchomp|71/100\n|-activate|p1a: Garchomp|move: Magma Storm|[of] p2a: Heatran\n|\n|-heal|p1a: Garchomp|77/100|[from] item: Leftovers\n|-damage|p1a: Garchomp|64/100|[from] move: Magma Storm|[partiallytrapped]\n|upkeep\n|turn|7\n|\n|t:|1790831381\n|switch|p2a: Landorus|Landorus-Therian, M|100/100\n|-ability|p2a: Landorus|Intimidate|boost\n|-unboost|p1a: Garchomp|atk|1\n|move|p1a: Garchomp|Stealth Rock|p2a: Landorus\n|-sidestart|p2: OLD FLINGS|move: Stealth Rock\n|\n|-heal|p1a: Garchomp|71/100|[from] item: Leftovers\n|-end|p1a: Garchomp|Magma Storm|[partiallytrapped]|[silent]\n|upkeep\n|turn|8\n|\n|t:|1790831387\n|move|p1a: Garchomp|Toxic|p2a: Landorus\n|-status|p2a: Landorus|tox\n|move|p2a: Landorus|Knock Off|p1a: Garchomp\n|-damage|p1a: Garchomp|44/100\n|-damage|p2a: Landorus|88/100 tox|[from] ability: Rough Skin|[of] p1a: Garchomp\n|-enditem|p1a: Garchomp|Leftovers|[from] move: Knock Off|[of] p2a: Landorus\n|\n|-heal|p2a: Landorus|94/100 tox|[from] item: Leftovers\n|-damage|p2a: Landorus|88/100 tox|[from] psn\n|upkeep\n|turn|9\n|\n|t:|1790831391\n|move|p1a: Garchomp|Protect|p1a: Garchomp\n|-singleturn|p1a: Garchomp|Protect\n|move|p2a: Landorus|Knock Off|p1a: Garchomp\n|-activate|p1a: Garchomp|move: Protect\n|\n|-heal|p2a: Landorus|94/100 tox|[from] item: Leftovers\n|-damage|p2a: Landorus|82/100 tox|[from] psn\n|upkeep\n|turn|10\n|\n|t:|1790831399\n|switch|p1a: Tornadus|Tornadus-Therian, M|100/100 brn\n|move|p2a: Landorus|Earthquake|p1a: Tornadus\n|-immune|p1a: Tornadus\n|\n|-heal|p2a: Landorus|88/100 tox|[from] item: Leftovers\n|-damage|p2a: Landorus|70/100 tox|[from] psn\n|-damage|p1a: Tornadus|94/100 brn|[from] brn\n|upkeep\n|turn|11\n|\n|t:|1790831403\n|move|p1a: Tornadus|Knock Off|p2a: Landorus\n|-damage|p2a: Landorus|60/100 tox\n|-enditem|p2a: Landorus|Leftovers|[from] move: Knock Off|[of] p1a: Tornadus\n|move|p2a: Landorus|U-turn|p1a: Tornadus\n|-resisted|p1a: Tornadus\n|-damage|p1a: Tornadus|83/100 brn\n|\n|t:|1790831408\n|switch|p2a: Necrozma|Necrozma|100/100|[from] U-turn\n|-damage|p2a: Necrozma|88/100|[from] Stealth Rock\n|\n|-damage|p1a: Tornadus|76/100 brn|[from] brn\n|upkeep\n|turn|12\n|\n|t:|1790831427\n|switch|p1a: Melmetal|Melmetal|100/100\n|-damage|p1a: Melmetal|94/100|[from] Stealth Rock\n|move|p2a: Necrozma|Photon Geyser|p1a: Melmetal\n|-resisted|p1a: Melmetal\n|-damage|p1a: Melmetal|82/100\n|\n|-heal|p1a: Melmetal|88/100|[from] item: Leftovers\n|upkeep\n|turn|13\n|inactive|igiveuponaname has 120 seconds left.\n|\n|t:|1790831464\n|switch|p2a: Heatran|Heatran, M|79/100\n|-damage|p2a: Heatran|67/100|[from] Stealth Rock\n|switch|p1a: Garchomp|Garchomp, M|44/100\n|-damage|p1a: Garchomp|38/100|[from] Stealth Rock\n|\n|upkeep\n|turn|14\n|\n|t:|1790831472\n|switch|p2a: Landorus|Landorus-Therian, M|60/100 tox\n|-damage|p2a: Landorus|48/100 tox|[from] Stealth Rock\n|-ability|p2a: Landorus|Intimidate|boost\n|-unboost|p1a: Garchomp|atk|1\n|move|p1a: Garchomp|Earthquake|p2a: Landorus\n|-immune|p2a: Landorus\n|\n|-damage|p2a: Landorus|42/100 tox|[from] psn\n|upkeep\n|turn|15\n|inactive|igiveuponaname has 120 seconds left.\n|\n|t:|1790831480\n|switch|p2a: Kartana|Kartana|100/100\n|-damage|p2a: Kartana|94/100|[from] Stealth Rock\n|move|p1a: Garchomp|Protect||[still]\n|-fail|p1a: Garchomp\n|\n|upkeep\n|turn|16\n|\n|t:|1790831487\n|switch|p1a: Heatran|Heatran, F|100/100\n|-damage|p1a: Heatran|88/100|[from] Stealth Rock\n|move|p2a: Kartana|Swords Dance|p2a: Kartana\n|-boost|p2a: Kartana|atk|2\n|\n|-heal|p1a: Heatran|94/100|[from] item: Leftovers\n|upkeep\n|turn|17\n|\n|t:|1790831490\n|move|p2a: Kartana|Sacred Sword|p1a: Heatran\n|-supereffective|p1a: Heatran\n|-damage|p1a: Heatran|8/100\n|-status|p2a: Kartana|brn|[from] ability: Flame Body|[of] p1a: Heatran\n|move|p1a: Heatran|Magma Storm|p2a: Kartana\n|-supereffective|p2a: Kartana\n|-damage|p2a: Kartana|0 fnt\n|faint|p2a: Kartana\n|\n|-heal|p1a: Heatran|14/100|[from] item: Leftovers\n|upkeep\n|\n|t:|1790831496\n|switch|p2a: Dragapult|Dragapult, F|100/100\n|-damage|p2a: Dragapult|88/100|[from] Stealth Rock\n|turn|18\n|\n|t:|1790831502\n|move|p1a: Heatran|Protect|p1a: Heatran\n|-singleturn|p1a: Heatran|Protect\n|move|p2a: Dragapult|Shadow Ball|p1a: Heatran\n|-activate|p1a: Heatran|move: Protect\n|\n|-heal|p1a: Heatran|21/100|[from] item: Leftovers\n|upkeep\n|turn|19\n|\n|t:|1790831506\n|switch|p1a: Garchomp|Garchomp, M|38/100\n|-damage|p1a: Garchomp|32/100|[from] Stealth Rock\n|move|p2a: Dragapult|Shadow Ball|p1a: Garchomp\n|-damage|p1a: Garchomp|0 fnt\n|faint|p1a: Garchomp\n|\n|upkeep\n|\n|t:|1790831509\n|switch|p1a: Tornadus|Tornadus-Therian, M|100/100 brn\n|turn|20\n|\n|t:|1790831515\n|switch|p2a: Heatran|Heatran, M|67/100\n|-damage|p2a: Heatran|55/100|[from] Stealth Rock\n|move|p1a: Tornadus|Knock Off|p2a: Heatran\n|-damage|p2a: Heatran|49/100\n|\n|-damage|p1a: Tornadus|94/100 brn|[from] brn\n|upkeep\n|turn|21\n|j| rnd0mnme\n|\n|t:|1790831526\n|move|p1a: Tornadus|U-turn|p2a: Heatran\n|-resisted|p2a: Heatran\n|-damage|p2a: Heatran|47/100\n|\n|t:|1790831529\n|switch|p1a: Heatran|Heatran, F|21/100|[from] U-turn\n|-damage|p1a: Heatran|8/100|[from] Stealth Rock\n|move|p2a: Heatran|Earth Power|p1a: Heatran\n|-supereffective|p1a: Heatran\n|-damage|p1a: Heatran|0 fnt\n|faint|p1a: Heatran\n|\n|upkeep\n|\n|t:|1790831532\n|switch|p1a: Nidoking|Nidoking, M|100/100\n|-damage|p1a: Nidoking|95/100|[from] Stealth Rock\n|turn|22\n|\n|t:|1790831536\n|switch|p2a: Landorus|Landorus-Therian, M|42/100 tox\n|-damage|p2a: Landorus|30/100 tox|[from] Stealth Rock\n|-ability|p2a: Landorus|Intimidate|boost\n|-unboost|p1a: Nidoking|atk|1\n|move|p1a: Nidoking|Earth Power|p2a: Landorus\n|-immune|p2a: Landorus\n|\n|-damage|p2a: Landorus|24/100 tox|[from] psn\n|upkeep\n|turn|23\n|\n|t:|1790831539\n|move|p1a: Nidoking|Ice Beam|p2a: Landorus\n|-supereffective|p2a: Landorus\n|-damage|p2a: Landorus|0 fnt\n|faint|p2a: Landorus\n|\n|upkeep\n|\n|t:|1790831545\n|switch|p2a: Dragapult|Dragapult, F|88/100\n|-damage|p2a: Dragapult|76/100|[from] Stealth Rock\n|turn|24\n|\n|t:|1790831562\n|switch|p1a: Tornadus|Tornadus-Therian, M|100/100 brn\n|move|p2a: Dragapult|Shadow Ball|p1a: Tornadus\n|-crit|p1a: Tornadus\n|-damage|p1a: Tornadus|26/100 brn\n|-unboost|p1a: Tornadus|spd|1\n|\n|-damage|p1a: Tornadus|20/100 brn|[from] brn\n|upkeep\n|turn|25\n|\n|t:|1790831565\n|move|p2a: Dragapult|Shadow Ball|p1a: Tornadus\n|-crit|p1a: Tornadus\n|-damage|p1a: Tornadus|0 fnt\n|faint|p1a: Tornadus\n|\n|upkeep\n|\n|t:|1790831570\n|switch|p1a: Nidoking|Nidoking, M|95/100\n|-damage|p1a: Nidoking|89/100|[from] Stealth Rock\n|turn|26\n|\n|t:|1790831589\n|switch|p2a: Tapu Fini|Tapu Fini|100/100\n|-damage|p2a: Tapu Fini|88/100|[from] Stealth Rock\n|-fieldstart|move: Misty Terrain|[from] ability: Misty Surge|[of] p2a: Tapu Fini\n|move|p1a: Nidoking|Earth Power|p2a: Tapu Fini\n|-damage|p2a: Tapu Fini|38/100\n|\n|upkeep\n|turn|27\n|\n|t:|1790831607\n|switch|p1a: Rillaboom|Rillaboom, F|100/100\n|-damage|p1a: Rillaboom|88/100|[from] Stealth Rock\n|-fieldstart|move: Grassy Terrain|[from] ability: Grassy Surge|[of] p1a: Rillaboom\n|move|p2a: Tapu Fini|Trick|p1a: Rillaboom\n|-activate|p2a: Tapu Fini|move: Trick|[of] p1a: Rillaboom\n|-item|p1a: Rillaboom|Choice Specs|[from] move: Trick\n|-item|p2a: Tapu Fini|Leftovers|[from] move: Trick\n|\n|-heal|p2a: Tapu Fini|44/100|[from] Grassy Terrain\n|-heal|p2a: Tapu Fini|50/100|[from] item: Leftovers\n|-heal|p1a: Rillaboom|94/100|[from] Grassy Terrain\n|upkeep\n|turn|28\n|\n|t:|1790831619\n|move|p2a: Tapu Fini|Moonblast|p1a: Rillaboom\n|-crit|p1a: Rillaboom\n|-damage|p1a: Rillaboom|14/100\n|move|p1a: Rillaboom|Knock Off|p2a: Tapu Fini\n|-resisted|p2a: Tapu Fini\n|-damage|p2a: Tapu Fini|33/100\n|-enditem|p2a: Tapu Fini|Leftovers|[from] move: Knock Off|[of] p1a: Rillaboom\n|\n|-heal|p2a: Tapu Fini|39/100|[from] Grassy Terrain\n|-heal|p1a: Rillaboom|20/100|[from] Grassy Terrain\n|upkeep\n|turn|29\n|\n|t:|1790831628\n|switch|p1a: Melmetal|Melmetal|88/100\n|-damage|p1a: Melmetal|82/100|[from] Stealth Rock\n|move|p2a: Tapu Fini|Moonblast|p1a: Melmetal\n|-resisted|p1a: Melmetal\n|-damage|p1a: Melmetal|60/100\n|\n|-heal|p2a: Tapu Fini|45/100|[from] Grassy Terrain\n|-heal|p1a: Melmetal|66/100|[from] Grassy Terrain\n|-heal|p1a: Melmetal|73/100|[from] item: Leftovers\n|upkeep\n|turn|30\n|\n|t:|1790831633\n|switch|p2a: Heatran|Heatran, M|47/100\n|-damage|p2a: Heatran|35/100|[from] Stealth Rock\n|move|p1a: Melmetal|Superpower|p2a: Heatran\n|-supereffective|p2a: Heatran\n|-damage|p2a: Heatran|0 fnt\n|-unboost|p1a: Melmetal|atk|1\n|-unboost|p1a: Melmetal|def|1\n|faint|p2a: Heatran\n|\n|-heal|p1a: Melmetal|79/100|[from] Grassy Terrain\n|-heal|p1a: Melmetal|85/100|[from] item: Leftovers\n|upkeep\n|\n|t:|1790831645\n|switch|p2a: Necrozma|Necrozma|88/100\n|-damage|p2a: Necrozma|76/100|[from] Stealth Rock\n|turn|31\n|\n|t:|1790831658\n|move|p2a: Necrozma|Heat Wave|p1a: Melmetal\n|-supereffective|p1a: Melmetal\n|-damage|p1a: Melmetal|39/100\n|-status|p1a: Melmetal|brn\n|move|p1a: Melmetal|Double Iron Bash|p2a: Necrozma\n|-damage|p2a: Necrozma|62/100\n|-damage|p2a: Necrozma|49/100\n|-hitcount|p2a: Necrozma|2\n|\n|-heal|p2a: Necrozma|55/100|[from] Grassy Terrain\n|-heal|p1a: Melmetal|45/100 brn|[from] Grassy Terrain\n|-heal|p1a: Melmetal|51/100 brn|[from] item: Leftovers\n|-damage|p1a: Melmetal|45/100 brn|[from] brn\n|-fieldend|move: Grassy Terrain\n|upkeep\n|turn|32\n|\n|t:|1790831666\n|move|p2a: Necrozma|Earthquake|p1a: Melmetal\n|-supereffective|p1a: Melmetal\n|-damage|p1a: Melmetal|0 fnt\n|faint|p1a: Melmetal\n|\n|upkeep\n|\n|t:|1790831669\n|switch|p1a: Nidoking|Nidoking, M|89/100\n|-damage|p1a: Nidoking|83/100|[from] Stealth Rock\n|turn|33\n|\n|t:|1790831676\n|move|p1a: Nidoking|Sludge Wave|p2a: Necrozma\n|-damage|p2a: Necrozma|0 fnt\n|faint|p2a: Necrozma\n|\n|upkeep\n|\n|t:|1790831678\n|switch|p2a: Dragapult|Dragapult, F|76/100\n|-damage|p2a: Dragapult|64/100|[from] Stealth Rock\n|turn|34\n|\n|t:|1790831688\n|switch|p1a: Rillaboom|Rillaboom, F|20/100\n|-damage|p1a: Rillaboom|8/100|[from] Stealth Rock\n|-fieldstart|move: Grassy Terrain|[from] ability: Grassy Surge|[of] p1a: Rillaboom\n|move|p2a: Dragapult|Draco Meteor|p1a: Rillaboom\n|-damage|p1a: Rillaboom|0 fnt\n|-unboost|p2a: Dragapult|spa|2\n|faint|p1a: Rillaboom\n|\n|-heal|p2a: Dragapult|70/100|[from] Grassy Terrain\n|upkeep\n|\n|t:|1790831690\n|switch|p1a: Nidoking|Nidoking, M|83/100\n|-damage|p1a: Nidoking|77/100|[from] Stealth Rock\n|turn|35\n|\n|t:|1790831698\n|switch|p2a: Tapu Fini|Tapu Fini|45/100\n|-damage|p2a: Tapu Fini|33/100|[from] Stealth Rock\n|-fieldstart|move: Misty Terrain|[from] ability: Misty Surge|[of] p2a: Tapu Fini\n|move|p1a: Nidoking|Sludge Wave|p2a: Tapu Fini\n|-supereffective|p2a: Tapu Fini\n|-damage|p2a: Tapu Fini|0 fnt\n|faint|p2a: Tapu Fini\n|\n|upkeep\n|\n|t:|1790831701\n|switch|p2a: Dragapult|Dragapult, F|70/100\n|-damage|p2a: Dragapult|57/100|[from] Stealth Rock\n|turn|36\n|\n|t:|1790831704\n|move|p2a: Dragapult|Draco Meteor|p1a: Nidoking|[miss]\n|-miss|p2a: Dragapult|p1a: Nidoking\n|move|p1a: Nidoking|Earth Power|p2a: Dragapult\n|-damage|p2a: Dragapult|0 fnt\n|faint|p2a: Dragapult\n|\n|win|igiveuponaname\n|n|\u2606igiveuponaname|igiveuponaname\n|n|\u2606OLD FLINGS|oldflings\n|n| BB-8-NU|bb8nu\n|n| rnd0mnme|rnd0mnme\n", "uploadtime": 1790831704, "views": "5", "formatid": "gen8ou", "rating": null, "private": 0, "password": null}