{"id": "gen8ou-2692894826", "format": "[Gen 8] OU", "players": ["ClausETG", "Infernoss"], "log": "|j|\u2606ClausETG\n|j|\u2606Infernoss\n|t:|1791154803\n|gametype|singles\n|player|p1|ClausETG|kahili|1126\n|player|p2|Infernoss|pokemonrangerf-gen4|1432\n|gen|8\n|tier|[Gen 8] OU\n|rated|\n|rule|HP Percentage Mod: HP is shown in percentages\n|rule|Endless Battle Clause: Forcing endless battles is banned\n|rule|Sleep Clause Mod: Limit one foe put to sleep\n|rule|Species Clause: Limit one of each Pok\u00e9mon\n|rule|OHKO Clause: OHKO moves are banned\n|rule|Evasion Items Clause: Evasion items are banned\n|rule|Evasion Moves Clause: Evasion moves are banned\n|rule|Dynamax Clause: You cannot dynamax\n|clearpoke\n|poke|p1|Dragapult, F|\n|poke|p1|Melmetal|\n|poke|p1|Landorus-Therian, M|\n|poke|p1|Rillaboom, M|\n|poke|p1|Heatran, F|\n|poke|p1|Weavile, M|\n|poke|p2|Xatu, M|\n|poke|p2|Slowking-Galar, F|\n|poke|p2|Landorus-Therian, M|\n|poke|p2|Klefki, F|\n|poke|p2|Rotom-Wash|\n|poke|p2|Keldeo-Resolute|\n|teampreview\n|\n|t:|1791154832\n|teamsize|p1|6\n|teamsize|p2|6\n|start\n|switch|p1a: Dragapult|Dragapult, F|100/100\n|switch|p2a: Klefki|Klefki, F|100/100\n|turn|1\n|\n|t:|1791154839\n|move|p2a: Klefki|Thunder Wave|p1a: Dragapult\n|-status|p1a: Dragapult|par\n|move|p1a: Dragapult|Flamethrower|p2a: Klefki\n|-supereffective|p2a: Klefki\n|-damage|p2a: Klefki|29/100\n|\n|upkeep\n|turn|2\n|\n|t:|1791154854\n|switch|p2a: Powny|Keldeo-Resolute|100/100\n|cant|p1a: Dragapult|par\n|\n|upkeep\n|turn|3\n|\n|t:|1791154881\n|switch|p1a: Heatran|Heatran, F|100/100\n|move|p2a: Powny|Substitute|p2a: Powny\n|-start|p2a: Powny|Substitute\n|-damage|p2a: Powny|75/100\n|\n|-heal|p2a: Powny|82/100|[from] item: Leftovers\n|upkeep\n|turn|4\n|\n|t:|1791154891\n|move|p2a: Powny|Calm Mind|p2a: Powny\n|-boost|p2a: Powny|spa|1\n|-boost|p2a: Powny|spd|1\n|move|p1a: Heatran|Stealth Rock|p2a: Powny\n|-sidestart|p2: Infernoss|move: Stealth Rock\n|\n|-heal|p2a: Powny|88/100|[from] item: Leftovers\n|upkeep\n|turn|5\n|\n|t:|1791154898\n|move|p2a: Powny|Calm Mind|p2a: Powny\n|-boost|p2a: Powny|spa|1\n|-boost|p2a: Powny|spd|1\n|move|p1a: Heatran|Earth Power|p2a: Powny\n|-activate|p2a: Powny|move: Substitute|[damage]\n|\n|-heal|p2a: Powny|94/100|[from] item: Leftovers\n|upkeep\n|turn|6\n|\n|t:|1791154911\n|move|p2a: Powny|Calm Mind|p2a: Powny\n|-boost|p2a: Powny|spa|1\n|-boost|p2a: Powny|spd|1\n|move|p1a: Heatran|Earth Power|p2a: Powny\n|-end|p2a: Powny|Substitute\n|\n|-heal|p2a: Powny|100/100|[from] item: Leftovers\n|upkeep\n|turn|7\n|\n|t:|1791154920\n|move|p2a: Powny|Substitute|p2a: Powny\n|-start|p2a: Powny|Substitute\n|-damage|p2a: Powny|75/100\n|move|p1a: Heatran|Taunt|p2a: Powny\n|-start|p2a: Powny|move: Taunt\n|\n|-heal|p2a: Powny|82/100|[from] item: Leftovers\n|upkeep\n|turn|8\n|\n|t:|1791154935\n|move|p2a: Powny|Scald|p1a: Heatran\n|-supereffective|p1a: Heatran\n|-damage|p1a: Heatran|0 fnt\n|faint|p1a: Heatran\n|\n|-heal|p2a: Powny|88/100|[from] item: Leftovers\n|upkeep\n|\n|t:|1791154944\n|switch|p1a: Rillaboom|Rillaboom, M|100/100\n|-fieldstart|move: Grassy Terrain|[from] ability: Grassy Surge|[of] p1a: Rillaboom\n|turn|9\n|\n|t:|1791154948\n|move|p1a: Rillaboom|Grassy Glide|p2a: Powny\n|-supereffective|p2a: Powny\n|-crit|p2a: Powny\n|-end|p2a: Powny|Substitute\n|-damage|p1a: Rillaboom|91/100|[from] item: Life Orb\n|move|p2a: Powny|Secret Sword|p1a: Rillaboom\n|-damage|p1a: Rillaboom|0 fnt\n|faint|p1a: Rillaboom\n|\n|-heal|p2a: Powny|94/100|[from] Grassy Terrain\n|-heal|p2a: Powny|100/100|[from] item: Leftovers\n|upkeep\n|\n|t:|1791154968\n|switch|p1a: Weavile|Weavile, M|100/100\n|-ability|p1a: Weavile|Pressure\n|turn|10\n|\n|t:|1791154979\n|move|p1a: Weavile|Low Kick|p2a: Powny\n|-damage|p2a: Powny|66/100\n|move|p2a: Powny|Secret Sword|p1a: Weavile\n|-supereffective|p1a: Weavile\n|-damage|p1a: Weavile|0 fnt\n|faint|p1a: Weavile\n|\n|-heal|p2a: Powny|73/100|[from] Grassy Terrain\n|-heal|p2a: Powny|79/100|[from] item: Leftovers\n|-end|p2a: Powny|move: Taunt\n|upkeep\n|\n|t:|1791154989\n|switch|p1a: Dragapult|Dragapult, F|100/100 par\n|turn|11\n|\n|t:|1791154996\n|move|p2a: Powny|Scald|p1a: Dragapult\n|-resisted|p1a: Dragapult\n|-damage|p1a: Dragapult|38/100 par\n|move|p1a: Dragapult|Draco Meteor|p2a: Powny\n|-damage|p2a: Powny|42/100\n|-unboost|p1a: Dragapult|spa|2\n|\n|-heal|p2a: Powny|48/100|[from] Grassy Terrain\n|-heal|p2a: Powny|55/100|[from] item: Leftovers\n|-heal|p1a: Dragapult|44/100 par|[from] Grassy Terrain\n|upkeep\n|turn|12\n|-message|ClausETG forfeited.\n|\n|win|Infernoss\n|raw|ClausETG's rating: 1126 &rarr; <strong>1119</strong><br />(-7 for losing)\n|raw|Infernoss's rating: 1432 &rarr; <strong>1438</strong><br />(+6 for winning)\n", "uploadtime": 1791155019, "views": "2", "formatid": "gen8ou", "rating": 1119, "private": 0, "password": null}