{"id": "gen8ou-2691202527", "format": "[Gen 8] OU", "players": ["wlwlwla", "flameyee"], "log": "|j|\u2606wlwlwla\n|j|\u2606flameyee\n|t:|1790881544\n|gametype|singles\n|player|p1|wlwlwla|lucas|\n|player|p2|flameyee|elesa|\n|gen|8\n|tier|[Gen 8] OU\n|rule|HP Percentage Mod: HP is shown in percentages\n|rule|Endless Battle Clause: Forcing endless battles is banned\n|rule|Sleep Clause Mod: Limit one foe put to sleep\n|rule|Species Clause: Limit one of each Pok\u00e9mon\n|rule|OHKO Clause: OHKO moves are banned\n|rule|Evasion Items Clause: Evasion items are banned\n|rule|Evasion Moves Clause: Evasion moves are banned\n|rule|Dynamax Clause: You cannot dynamax\n|clearpoke\n|poke|p1|Garchomp, F|\n|poke|p1|Celesteela|\n|poke|p1|Mew|\n|poke|p1|Weavile, F|\n|poke|p1|Urshifu-*, F|\n|poke|p1|Blacephalon|\n|poke|p2|Dragapult, F|\n|poke|p2|Urshifu-*, M|\n|poke|p2|Tapu Lele|\n|poke|p2|Landorus-Therian, M|\n|poke|p2|Zapdos|\n|poke|p2|Melmetal|\n|teampreview\n|inactive|Battle timer is ON: inactive players will automatically lose when time's up. (requested by flameyee)\n|j| keller*_*kia\n|inactive|wlwlwla has 270 seconds left.\n|\n|t:|1790881576\n|teamsize|p1|6\n|teamsize|p2|6\n|start\n|switch|p1a: Mew|Mew|100/100\n|switch|p2a: Melmetal|Melmetal|100/100\n|turn|1\n|inactive|wlwlwla has 270 seconds left.\n|\n|t:|1790881618\n|move|p2a: Melmetal|Protect|p2a: Melmetal\n|-singleturn|p2a: Melmetal|Protect\n|move|p1a: Mew|Stealth Rock|p2a: Melmetal\n|-sidestart|p2: flameyee|move: Stealth Rock\n|\n|upkeep\n|turn|2\n|\n|t:|1790881623\n|move|p1a: Mew|Spikes|p2a: Melmetal\n|-sidestart|p2: flameyee|Spikes\n|move|p2a: Melmetal|Toxic|p1a: Mew\n|-status|p1a: Mew|tox\n|-activate|p1a: Mew|ability: Synchronize\n|-immune|p2a: Melmetal\n|\n|-damage|p1a: Mew|94/100 tox|[from] psn\n|upkeep\n|turn|3\n|\n|t:|1790881635\n|switch|p2a: Landorus|Landorus-Therian, M|100/100\n|-damage|p2a: Landorus|88/100|[from] Stealth Rock\n|-ability|p2a: Landorus|Intimidate|boost\n|-unboost|p1a: Mew|atk|1\n|move|p1a: Mew|Spikes|p2a: Landorus\n|-sidestart|p2: flameyee|Spikes\n|\n|-heal|p2a: Landorus|94/100|[from] item: Leftovers\n|-damage|p1a: Mew|82/100 tox|[from] psn\n|upkeep\n|turn|4\n|\n|t:|1790881646\n|move|p1a: Mew|Taunt|p2a: Landorus\n|-start|p2a: Landorus|move: Taunt\n|cant|p2a: Landorus|move: Taunt|Stealth Rock\n|\n|-heal|p2a: Landorus|99/100|[from] item: Leftovers\n|-damage|p1a: Mew|63/100 tox|[from] psn\n|upkeep\n|turn|5\n|\n|t:|1790881654\n|move|p1a: Mew|Spikes|p2a: Landorus\n|-sidestart|p2: flameyee|Spikes\n|move|p2a: Landorus|Knock Off|p1a: Mew\n|-supereffective|p1a: Mew\n|-damage|p1a: Mew|11/100 tox\n|-enditem|p1a: Mew|Focus Sash|[from] move: Knock Off|[of] p2a: Landorus\n|\n|-heal|p2a: Landorus|100/100|[from] item: Leftovers\n|-damage|p1a: Mew|0 fnt|[from] psn\n|faint|p1a: Mew\n|upkeep\n|inactive|wlwlwla has 270 seconds left.\n|inactive|wlwlwla has 240 seconds left.\n|\n|t:|1790881706\n|switch|p1a: Weavile|Weavile, F|100/100\n|-ability|p1a: Weavile|Pressure\n|turn|6\n|inactive|wlwlwla has 240 seconds left.\n|\n|t:|1790881716\n|switch|p2a: Melmetal|Melmetal|100/100\n|-damage|p2a: Melmetal|94/100|[from] Stealth Rock\n|-damage|p2a: Melmetal|69/100|[from] Spikes\n|move|p1a: Weavile|Knock Off|p2a: Melmetal\n|-damage|p2a: Melmetal|42/100\n|-enditem|p2a: Melmetal|Leftovers|[from] move: Knock Off|[of] p1a: Weavile\n|\n|upkeep\n|turn|7\n|inactive|wlwlwla has 240 seconds left.\n|\n|t:|1790881751\n|switch|p1a: Celesteela|Celesteela|100/100\n|move|p2a: Melmetal|Protect||[still]\n|-fail|p2a: Melmetal\n|\n|upkeep\n|turn|8\n|\n|t:|1790881763\n|switch|p2a: Zapdos|Zapdos|100/100\n|move|p1a: Celesteela|Autotomize|p1a: Celesteela\n|-boost|p1a: Celesteela|spe|2\n|-start|p1a: Celesteela|Autotomize\n|\n|upkeep\n|turn|9\n|\n|t:|1790881767\n|move|p1a: Celesteela|Meteor Beam||[still]\n|-prepare|p1a: Celesteela|Meteor Beam\n|-boost|p1a: Celesteela|spa|1\n|-enditem|p1a: Celesteela|Power Herb\n|-anim|p1a: Celesteela|Meteor Beam|p2a: Zapdos\n|-supereffective|p2a: Zapdos\n|-damage|p2a: Zapdos|0 fnt\n|faint|p2a: Zapdos\n|-ability|p1a: Celesteela|Beast Boost|boost\n|-boost|p1a: Celesteela|spa|1\n|\n|upkeep\n|\n|t:|1790881776\n|switch|p2a: Dragapult|Dragapult, F|100/100\n|-damage|p2a: Dragapult|88/100|[from] Stealth Rock\n|-damage|p2a: Dragapult|63/100|[from] Spikes\n|turn|10\n|\n|t:|1790881780\n|move|p1a: Celesteela|Air Slash|p2a: Dragapult\n|-damage|p2a: Dragapult|0 fnt\n|faint|p2a: Dragapult\n|-ability|p1a: Celesteela|Beast Boost|boost\n|-boost|p1a: Celesteela|spa|1\n|\n|upkeep\n|c|\u2606flameyee|g\n|c|\u2606flameyee|gg\n|-message|flameyee forfeited.\n|\n|win|wlwlwla\n|l|\u2606flameyee\n|player|p2|\n|c|\u2606wlwlwla|gg\n", "uploadtime": 1790881799, "views": "5", "formatid": "gen8ou", "rating": null, "private": 0, "password": null}