{"id": "gen8ou-2694573108", "format": "[Gen 8] OU", "players": ["blocus", "Roaringmoonlight2"], "log": "|j|\u2606blocus\n|j|\u2606Roaringmoonlight2\n|t:|1791401521\n|gametype|singles\n|player|p1|blocus|169|\n|player|p2|Roaringmoonlight2|sada-ai|\n|gen|8\n|tier|[Gen 8] OU\n|rated|Tournament battle\n|rule|HP Percentage Mod: HP is shown in percentages\n|rule|Endless Battle Clause: Forcing endless battles is banned\n|rule|Sleep Clause Mod: Limit one foe put to sleep\n|rule|OHKO Clause: OHKO moves are banned\n|rule|Evasion Items Clause: Evasion items are banned\n|rule|Evasion Moves Clause: Evasion moves are banned\n|rule|Dynamax Clause: You cannot dynamax\n|raw|<div class=\"infobox\"><details class=\"readmore\" open><summary><strong>2 custom rules:</strong></summary> !species clause, min level=100</details></div>\n|clearpoke\n|poke|p1|Rapidash, F|\n|poke|p1|Arcanine, M|\n|poke|p1|Hydreigon, F|\n|poke|p1|Garbodor, F|\n|poke|p2|Roselia, M|\n|poke|p2|Claydol|\n|poke|p2|Kingdra, M|\n|poke|p2|Noivern, M|\n|teampreview\n|inactive|Battle timer is ON: inactive players will automatically lose when time's up. (requested by Roaringmoonlight2)\n|j|#Thorys\n|\n|t:|1791401545\n|teamsize|p1|4\n|teamsize|p2|4\n|start\n|switch|p1a: Garbodor|Garbodor, F|100/100\n|switch|p2a: PTDR T KI|Roselia, M|100/100\n|turn|1\n|j| Arilu\n|\n|t:|1791401555\n|move|p1a: Garbodor|Gunk Shot|p2a: PTDR T KI|[miss]\n|-miss|p1a: Garbodor|p2a: PTDR T KI\n|move|p2a: PTDR T KI|Sleep Powder|p1a: Garbodor\n|-status|p1a: Garbodor|slp|[from] move: Sleep Powder\n|\n|upkeep\n|turn|2\n|c|\u2606blocus|super\n|\n|t:|1791401566\n|cant|p1a: Garbodor|slp\n|move|p2a: PTDR T KI|Spikes|p1a: Garbodor\n|-sidestart|p1: blocus|Spikes\n|\n|upkeep\n|turn|3\n|\n|t:|1791401570\n|cant|p1a: Garbodor|slp\n|move|p2a: PTDR T KI|Spikes|p1a: Garbodor\n|-sidestart|p1: blocus|Spikes\n|\n|upkeep\n|turn|4\n|\n|t:|1791401573\n|-curestatus|p1a: Garbodor|slp|[msg]\n|move|p1a: Garbodor|Gunk Shot|p2a: PTDR T KI\n|-crit|p2a: PTDR T KI\n|-damage|p2a: PTDR T KI|48/100\n|move|p2a: PTDR T KI|Sleep Powder|p1a: Garbodor|[miss]\n|-miss|p2a: PTDR T KI|p1a: Garbodor\n|\n|upkeep\n|turn|5\n|c| Arilu|blocus, partage ma souffrance\n|\n|t:|1791401581\n|move|p1a: Garbodor|Gunk Shot|p2a: PTDR T KI\n|-damage|p2a: PTDR T KI|15/100\n|move|p2a: PTDR T KI|Sleep Powder|p1a: Garbodor\n|-status|p1a: Garbodor|slp|[from] move: Sleep Powder\n|\n|upkeep\n|turn|6\n|c| Arilu|ah nn\n|\n|t:|1791401585\n|cant|p1a: Garbodor|slp\n|move|p2a: PTDR T KI|Synthesis|p2a: PTDR T KI\n|-heal|p2a: PTDR T KI|65/100\n|\n|upkeep\n|turn|7\n|c| Arilu|ah si\n|\n|t:|1791401588\n|cant|p1a: Garbodor|slp\n|move|p2a: PTDR T KI|Synthesis|p2a: PTDR T KI\n|-heal|p2a: PTDR T KI|100/100\n|\n|upkeep\n|turn|8\n|\n|t:|1791401590\n|cant|p1a: Garbodor|slp\n|move|p2a: PTDR T KI|Sleep Powder|p1a: Garbodor|[miss]\n|-miss|p2a: PTDR T KI|p1a: Garbodor\n|\n|upkeep\n|turn|9\n|\n|t:|1791401593\n|-curestatus|p1a: Garbodor|slp|[msg]\n|move|p1a: Garbodor|Spikes|p2a: PTDR T KI\n|-sidestart|p2: Roaringmoonlight2|Spikes\n|move|p2a: PTDR T KI|Sleep Powder|p1a: Garbodor\n|-status|p1a: Garbodor|slp|[from] move: Sleep Powder\n|\n|upkeep\n|turn|10\n|\n|t:|1791401598\n|cant|p1a: Garbodor|slp\n|move|p2a: PTDR T KI|Spikes|p1a: Garbodor\n|-sidestart|p1: blocus|Spikes\n|\n|upkeep\n|turn|11\n|\n|t:|1791401610\n|cant|p1a: Garbodor|slp\n|move|p2a: PTDR T KI|Sludge Bomb|p1a: Garbodor\n|-resisted|p1a: Garbodor\n|-damage|p1a: Garbodor|85/100 slp\n|\n|upkeep\n|turn|12\n|\n|t:|1791401615\n|cant|p1a: Garbodor|slp\n|move|p2a: PTDR T KI|Sludge Bomb|p1a: Garbodor\n|-resisted|p1a: Garbodor\n|-damage|p1a: Garbodor|69/100 slp\n|\n|upkeep\n|turn|13\n|\n|t:|1791401617\n|-curestatus|p1a: Garbodor|slp|[msg]\n|move|p1a: Garbodor|Spikes|p2a: PTDR T KI\n|-sidestart|p2: Roaringmoonlight2|Spikes\n|move|p2a: PTDR T KI|Sleep Powder|p1a: Garbodor\n|-status|p1a: Garbodor|slp|[from] move: Sleep Powder\n|\n|upkeep\n|turn|14\n|\n|t:|1791401625\n|cant|p1a: Garbodor|slp\n|move|p2a: PTDR T KI|Sludge Bomb|p1a: Garbodor\n|-resisted|p1a: Garbodor\n|-damage|p1a: Garbodor|52/100 slp\n|\n|upkeep\n|turn|15\n|\n|t:|1791401632\n|cant|p1a: Garbodor|slp\n|move|p2a: PTDR T KI|Sludge Bomb|p1a: Garbodor\n|-resisted|p1a: Garbodor\n|-damage|p1a: Garbodor|35/100 slp\n|\n|upkeep\n|turn|16\n|\n|t:|1791401655\n|cant|p1a: Garbodor|slp\n|move|p2a: PTDR T KI|Sleep Powder|p1a: Garbodor|[miss]\n|-miss|p2a: PTDR T KI|p1a: Garbodor\n|\n|upkeep\n|turn|17\n|\n|t:|1791401664\n|-curestatus|p1a: Garbodor|slp|[msg]\n|move|p1a: Garbodor|Pain Split|p2a: PTDR T KI\n|-sethp|p2a: PTDR T KI|71/100|[from] move: Pain Split|[silent]\n|-sethp|p1a: Garbodor|60/100|[from] move: Pain Split\n|move|p2a: PTDR T KI|Sleep Powder|p1a: Garbodor\n|-status|p1a: Garbodor|slp|[from] move: Sleep Powder\n|\n|upkeep\n|turn|18\n|inactive|Roaringmoonlight2 has 120 seconds left.\n|\n|t:|1791401699\n|switch|p2a: Batman au Blocus|Noivern, M|100/100\n|cant|p1a: Garbodor|slp\n|\n|upkeep\n|turn|19\n|\n|t:|1791401704\n|move|p2a: Batman au Blocus|Draco Meteor|p1a: Garbodor\n|-damage|p1a: Garbodor|0 fnt\n|-unboost|p2a: Batman au Blocus|spa|2\n|faint|p1a: Garbodor\n|\n|upkeep\n|\n|t:|1791401710\n|switch|p1a: Hydreigon|Hydreigon, F|100/100\n|turn|20\n|\n|t:|1791401724\n|switch|p2a: Beyblade Burst|Claydol|100/100\n|move|p1a: Hydreigon|Draco Meteor|p2a: Beyblade Burst\n|-damage|p2a: Beyblade Burst|8/100\n|-unboost|p1a: Hydreigon|spa|2\n|\n|-heal|p2a: Beyblade Burst|14/100|[from] item: Leftovers\n|upkeep\n|turn|21\n|\n|t:|1791401731\n|move|p1a: Hydreigon|Draco Meteor|p2a: Beyblade Burst\n|-damage|p2a: Beyblade Burst|0 fnt\n|-unboost|p1a: Hydreigon|spa|2\n|faint|p2a: Beyblade Burst\n|\n|upkeep\n|\n|t:|1791401734\n|switch|p2a: PTDR T KI|Roselia, M|71/100\n|-damage|p2a: PTDR T KI|55/100|[from] Spikes\n|turn|22\n|\n|t:|1791401747\n|switch|p1a: Rapidash|Rapidash, F|100/100\n|-damage|p1a: Rapidash|76/100|[from] Spikes\n|move|p2a: PTDR T KI|Sleep Powder|p1a: Rapidash|[miss]\n|-miss|p2a: PTDR T KI|p1a: Rapidash\n|\n|-heal|p1a: Rapidash|82/100|[from] item: Leftovers\n|upkeep\n|turn|23\n|\n|t:|1791401756\n|move|p1a: Rapidash|Substitute|p1a: Rapidash\n|-start|p1a: Rapidash|Substitute\n|-damage|p1a: Rapidash|57/100\n|move|p2a: PTDR T KI|Synthesis|p2a: PTDR T KI\n|-heal|p2a: PTDR T KI|100/100\n|\n|-heal|p1a: Rapidash|63/100|[from] item: Leftovers\n|upkeep\n|turn|24\n|\n|t:|1791401763\n|move|p1a: Rapidash|Will-O-Wisp|p2a: PTDR T KI\n|-status|p2a: PTDR T KI|brn\n|move|p2a: PTDR T KI|Sludge Bomb|p1a: Rapidash\n|-end|p1a: Rapidash|Substitute\n|\n|-heal|p1a: Rapidash|69/100|[from] item: Leftovers\n|-damage|p2a: PTDR T KI|94/100 brn|[from] brn\n|upkeep\n|turn|25\n|\n|t:|1791401769\n|move|p1a: Rapidash|Protect|p1a: Rapidash\n|-singleturn|p1a: Rapidash|Protect\n|move|p2a: PTDR T KI|Sludge Bomb|p1a: Rapidash\n|-activate|p1a: Rapidash|move: Protect\n|\n|-heal|p1a: Rapidash|75/100|[from] item: Leftovers\n|-damage|p2a: PTDR T KI|88/100 brn|[from] brn\n|upkeep\n|turn|26\n|\n|t:|1791401780\n|-curestatus|p2a: PTDR T KI|brn|[from] ability: Natural Cure|[silent]\n|switch|p2a: Missile Tornade|Kingdra, M|100/100\n|-damage|p2a: Missile Tornade|84/100|[from] Spikes\n|move|p1a: Rapidash|Substitute|p1a: Rapidash\n|-start|p1a: Rapidash|Substitute\n|-damage|p1a: Rapidash|50/100\n|\n|-heal|p1a: Rapidash|56/100|[from] item: Leftovers\n|upkeep\n|turn|27\n|\n|t:|1791401788\n|move|p1a: Rapidash|Will-O-Wisp|p2a: Missile Tornade|[miss]\n|-miss|p1a: Rapidash|p2a: Missile Tornade\n|move|p2a: Missile Tornade|Agility|p2a: Missile Tornade\n|-boost|p2a: Missile Tornade|spe|2\n|\n|-heal|p1a: Rapidash|62/100|[from] item: Leftovers\n|upkeep\n|turn|28\n|\n|t:|1791401794\n|move|p2a: Missile Tornade|Surf|p1a: Rapidash\n|-supereffective|p1a: Rapidash\n|-end|p1a: Rapidash|Substitute\n|move|p1a: Rapidash|Will-O-Wisp|p2a: Missile Tornade\n|-status|p2a: Missile Tornade|brn\n|\n|-heal|p1a: Rapidash|68/100|[from] item: Leftovers\n|-damage|p2a: Missile Tornade|78/100 brn|[from] brn\n|upkeep\n|turn|29\n|\n|t:|1791401800\n|move|p1a: Rapidash|Protect|p1a: Rapidash\n|-singleturn|p1a: Rapidash|Protect\n|move|p2a: Missile Tornade|Surf|p1a: Rapidash\n|-activate|p1a: Rapidash|move: Protect\n|\n|-heal|p1a: Rapidash|74/100|[from] item: Leftovers\n|-damage|p2a: Missile Tornade|72/100 brn|[from] brn\n|upkeep\n|turn|30\n|\n|t:|1791401807\n|switch|p1a: Hydreigon|Hydreigon, F|100/100\n|move|p2a: Missile Tornade|Surf|p1a: Hydreigon\n|-resisted|p1a: Hydreigon\n|-damage|p1a: Hydreigon|76/100\n|\n|-damage|p2a: Missile Tornade|65/100 brn|[from] brn\n|upkeep\n|turn|31\n|\n|t:|1791401812\n|switch|p1a: Rapidash|Rapidash, F|74/100\n|-damage|p1a: Rapidash|49/100|[from] Spikes\n|move|p2a: Missile Tornade|Draco Meteor|p1a: Rapidash\n|-damage|p1a: Rapidash|0 fnt\n|-unboost|p2a: Missile Tornade|spa|2\n|faint|p1a: Rapidash\n|\n|-damage|p2a: Missile Tornade|59/100 brn|[from] brn\n|upkeep\n|\n|t:|1791401823\n|switch|p1a: Hydreigon|Hydreigon, F|76/100\n|turn|32\n|\n|t:|1791401834\n|switch|p1a: Arcanine|Arcanine, M|100/100\n|-damage|p1a: Arcanine|75/100|[from] Spikes\n|-ability|p1a: Arcanine|Intimidate|boost\n|-unboost|p2a: Missile Tornade|atk|1\n|move|p2a: Missile Tornade|Draco Meteor|p1a: Arcanine\n|-damage|p1a: Arcanine|43/100\n|-unboost|p2a: Missile Tornade|spa|2\n|\n|-heal|p1a: Arcanine|49/100|[from] item: Leftovers\n|-damage|p2a: Missile Tornade|53/100 brn|[from] brn\n|upkeep\n|turn|33\n|\n|t:|1791401844\n|move|p2a: Missile Tornade|Focus Energy|p2a: Missile Tornade\n|-start|p2a: Missile Tornade|move: Focus Energy\n|move|p1a: Arcanine|Morning Sun|p1a: Arcanine\n|-heal|p1a: Arcanine|99/100\n|\n|-heal|p1a: Arcanine|100/100|[from] item: Leftovers\n|-damage|p2a: Missile Tornade|47/100 brn|[from] brn\n|upkeep\n|turn|34\n|\n|t:|1791401849\n|move|p1a: Arcanine|Protect|p1a: Arcanine\n|-singleturn|p1a: Arcanine|Protect\n|move|p2a: Missile Tornade|Surf|p1a: Arcanine\n|-activate|p1a: Arcanine|move: Protect\n|\n|-damage|p2a: Missile Tornade|41/100 brn|[from] brn\n|upkeep\n|turn|35\n|\n|t:|1791401864\n|switch|p1a: Hydreigon|Hydreigon, F|76/100\n|move|p2a: Missile Tornade|Surf|p1a: Hydreigon\n|-resisted|p1a: Hydreigon\n|-crit|p1a: Hydreigon\n|-damage|p1a: Hydreigon|20/100\n|\n|-damage|p2a: Missile Tornade|35/100 brn|[from] brn\n|upkeep\n|turn|36\n|\n|t:|1791401869\n|move|p2a: Missile Tornade|Surf|p1a: Hydreigon\n|-resisted|p1a: Hydreigon\n|-crit|p1a: Hydreigon\n|-damage|p1a: Hydreigon|0 fnt\n|faint|p1a: Hydreigon\n|\n|-damage|p2a: Missile Tornade|28/100 brn|[from] brn\n|upkeep\n|\n|t:|1791401870\n|switch|p1a: Arcanine|Arcanine, M|100/100\n|-damage|p1a: Arcanine|75/100|[from] Spikes\n|-ability|p1a: Arcanine|Intimidate|boost\n|-unboost|p2a: Missile Tornade|atk|1\n|turn|37\n|\n|t:|1791401873\n|move|p1a: Arcanine|Protect|p1a: Arcanine\n|-singleturn|p1a: Arcanine|Protect\n|move|p2a: Missile Tornade|Surf|p1a: Arcanine\n|-activate|p1a: Arcanine|move: Protect\n|\n|-heal|p1a: Arcanine|82/100|[from] item: Leftovers\n|-damage|p2a: Missile Tornade|22/100 brn|[from] brn\n|upkeep\n|turn|38\n|\n|t:|1791401876\n|move|p1a: Arcanine|Protect|p1a: Arcanine\n|-singleturn|p1a: Arcanine|Protect\n|move|p2a: Missile Tornade|Surf|p1a: Arcanine\n|-activate|p1a: Arcanine|move: Protect\n|\n|-heal|p1a: Arcanine|88/100|[from] item: Leftovers\n|-damage|p2a: Missile Tornade|16/100 brn|[from] brn\n|upkeep\n|turn|39\n|\n|t:|1791401879\n|move|p1a: Arcanine|Protect||[still]\n|-fail|p1a: Arcanine\n|move|p2a: Missile Tornade|Surf|p1a: Arcanine\n|-supereffective|p1a: Arcanine\n|-crit|p1a: Arcanine\n|-damage|p1a: Arcanine|0 fnt\n|faint|p1a: Arcanine\n|\n|win|Roaringmoonlight2\n|n|\u2606blocus|blocus\n|n|\u2606Roaringmoonlight2|roaringmoonlight2\n|n| Thorys|thorys\n|n| Arilu|arilu\n", "uploadtime": 1791401879, "views": "1", "formatid": "gen8ou", "rating": null, "private": 0, "password": null}