{"id": "gen8ou-2692252101", "format": "[Gen 8] OU", "players": ["GrunkleConn", "ClausETG"], "log": "|j|\u2606GrunkleConn\n|j|\u2606ClausETG\n|t:|1791047207\n|gametype|singles\n|player|p1|GrunkleConn|riley|1242\n|player|p2|ClausETG|kahili|1036\n|gen|8\n|tier|[Gen 8] OU\n|rated|\n|rule|HP Percentage Mod: HP is shown in percentages\n|rule|Endless Battle Clause: Forcing endless battles is banned\n|rule|Sleep Clause Mod: Limit one foe put to sleep\n|rule|Species Clause: Limit one of each Pok\u00e9mon\n|rule|OHKO Clause: OHKO moves are banned\n|rule|Evasion Items Clause: Evasion items are banned\n|rule|Evasion Moves Clause: Evasion moves are banned\n|rule|Dynamax Clause: You cannot dynamax\n|clearpoke\n|poke|p1|Dragapult, M|\n|poke|p1|Tornadus-Therian, M|\n|poke|p1|Tapu Fini|\n|poke|p1|Garchomp, M|\n|poke|p1|Heatran, M|\n|poke|p1|Zeraora|\n|poke|p2|Urshifu-*, M|\n|poke|p2|Zapdos|\n|poke|p2|Tornadus-Therian, M|\n|poke|p2|Pelipper, F|\n|poke|p2|Dragapult, M|\n|poke|p2|Mamoswine, M|\n|teampreview\n|\n|t:|1791047228\n|teamsize|p1|6\n|teamsize|p2|6\n|start\n|switch|p1a: Tapu Fini|Tapu Fini|100/100\n|switch|p2a: Dragapult|Dragapult, M|100/100\n|-fieldstart|move: Misty Terrain|[from] ability: Misty Surge|[of] p1a: Tapu Fini\n|turn|1\n|\n|t:|1791047238\n|move|p2a: Dragapult|Shadow Ball|p1a: Tapu Fini\n|-damage|p1a: Tapu Fini|66/100\n|move|p1a: Tapu Fini|Whirlpool|p2a: Dragapult\n|-resisted|p2a: Dragapult\n|-damage|p2a: Dragapult|93/100\n|-activate|p2a: Dragapult|move: Whirlpool|[of] p1a: Tapu Fini\n|\n|-heal|p1a: Tapu Fini|73/100|[from] item: Leftovers\n|-damage|p2a: Dragapult|81/100|[from] move: Whirlpool|[partiallytrapped]\n|upkeep\n|turn|2\n|\n|t:|1791047248\n|move|p2a: Dragapult|Shadow Ball|p1a: Tapu Fini\n|-damage|p1a: Tapu Fini|36/100\n|move|p1a: Tapu Fini|Moonblast|p2a: Dragapult\n|-supereffective|p2a: Dragapult\n|-damage|p2a: Dragapult|0 fnt\n|faint|p2a: Dragapult\n|\n|-heal|p1a: Tapu Fini|42/100|[from] item: Leftovers\n|upkeep\n|\n|t:|1791047258\n|switch|p2a: Pelipper|Pelipper, F|100/100\n|-weather|RainDance|[from] ability: Drizzle|[of] p2a: Pelipper\n|turn|3\n|\n|t:|1791047277\n|switch|p2a: Zapdos|Zapdos|100/100\n|move|p1a: Tapu Fini|Nature's Madness|p2a: Zapdos\n|-damage|p2a: Zapdos|51/100\n|\n|-weather|RainDance|[upkeep]\n|-heal|p1a: Tapu Fini|49/100|[from] item: Leftovers\n|upkeep\n|turn|4\n|\n|t:|1791047286\n|switch|p1a: Heatran|Heatran, M|100/100\n|-item|p1a: Heatran|Air Balloon\n|move|p2a: Zapdos|Hurricane|p1a: Heatran\n|-resisted|p1a: Heatran\n|-damage|p1a: Heatran|79/100\n|-start|p1a: Heatran|confusion\n|-enditem|p1a: Heatran|Air Balloon\n|\n|-weather|RainDance|[upkeep]\n|upkeep\n|turn|5\n|\n|t:|1791047296\n|move|p2a: Zapdos|Weather Ball|p1a: Heatran\n|-supereffective|p1a: Heatran\n|-damage|p1a: Heatran|0 fnt\n|faint|p1a: Heatran\n|\n|-weather|RainDance|[upkeep]\n|-fieldend|Misty Terrain\n|upkeep\n|\n|t:|1791047301\n|switch|p1a: Dragapult|Dragapult, M|100/100\n|turn|6\n|\n|t:|1791047311\n|switch|p2a: Mamoswine|Mamoswine, M|100/100\n|move|p1a: Dragapult|Shadow Ball|p2a: Mamoswine\n|-damage|p2a: Mamoswine|25/100\n|\n|-weather|RainDance|[upkeep]\n|upkeep\n|turn|7\n|\n|t:|1791047318\n|switch|p1a: Tapu Fini|Tapu Fini|49/100\n|-fieldstart|move: Misty Terrain|[from] ability: Misty Surge|[of] p1a: Tapu Fini\n|move|p2a: Mamoswine|Ice Shard|p1a: Tapu Fini\n|-resisted|p1a: Tapu Fini\n|-damage|p1a: Tapu Fini|35/100\n|\n|-weather|RainDance|[upkeep]\n|-heal|p1a: Tapu Fini|41/100|[from] item: Leftovers\n|upkeep\n|turn|8\n|\n|t:|1791047330\n|move|p2a: Mamoswine|Ice Shard|p1a: Tapu Fini\n|-resisted|p1a: Tapu Fini\n|-damage|p1a: Tapu Fini|26/100\n|move|p1a: Tapu Fini|Moonblast|p2a: Mamoswine\n|-damage|p2a: Mamoswine|0 fnt\n|faint|p2a: Mamoswine\n|\n|-weather|RainDance|[upkeep]\n|-heal|p1a: Tapu Fini|32/100|[from] item: Leftovers\n|upkeep\n|\n|t:|1791047338\n|switch|p2a: Zapdos|Zapdos|51/100\n|turn|9\n|\n|t:|1791047347\n|move|p2a: Zapdos|Hurricane|p1a: Tapu Fini\n|-damage|p1a: Tapu Fini|0 fnt\n|faint|p1a: Tapu Fini\n|\n|-weather|RainDance|[upkeep]\n|upkeep\n|\n|t:|1791047355\n|switch|p1a: Dragapult|Dragapult, M|100/100\n|turn|10\n|\n|t:|1791047375\n|move|p1a: Dragapult|Shadow Ball|p2a: Zapdos\n|-damage|p2a: Zapdos|0 fnt\n|faint|p2a: Zapdos\n|\n|-weather|none\n|upkeep\n|\n|t:|1791047380\n|switch|p2a: Pelipper|Pelipper, F|100/100\n|-weather|RainDance|[from] ability: Drizzle|[of] p2a: Pelipper\n|turn|11\n|\n|t:|1791047397\n|move|p1a: Dragapult|Shadow Ball|p2a: Pelipper\n|-damage|p2a: Pelipper|51/100\n|move|p2a: Pelipper|Tailwind|p2a: Pelipper\n|-sidestart|p2: ClausETG|move: Tailwind\n|\n|-weather|RainDance|[upkeep]\n|-fieldend|Misty Terrain\n|upkeep\n|turn|12\n|\n|t:|1791047406\n|switch|p1a: Tornadus|Tornadus-Therian, M|100/100\n|move|p2a: Pelipper|U-turn|p1a: Tornadus\n|-resisted|p1a: Tornadus\n|-damage|p1a: Tornadus|96/100\n|\n|t:|1791047413\n|switch|p2a: Urshifu|Urshifu-Rapid-Strike, M|100/100|[from] U-turn\n|\n|-weather|RainDance|[upkeep]\n|upkeep\n|turn|13\n|\n|t:|1791047418\n|switch|p1a: Garchomp|Garchomp, M|100/100\n|move|p2a: Urshifu|Surging Strikes|p1a: Garchomp\n|-crit|p1a: Garchomp\n|-damage|p1a: Garchomp|55/100\n|-damage|p2a: Urshifu|88/100|[from] ability: Rough Skin|[of] p1a: Garchomp\n|-crit|p1a: Garchomp\n|-damage|p1a: Garchomp|12/100\n|-damage|p2a: Urshifu|76/100|[from] ability: Rough Skin|[of] p1a: Garchomp\n|-crit|p1a: Garchomp\n|-damage|p1a: Garchomp|0 fnt\n|-damage|p2a: Urshifu|64/100|[from] ability: Rough Skin|[of] p1a: Garchomp\n|faint|p1a: Garchomp\n|-hitcount|p1: Garchomp|3\n|\n|-weather|RainDance|[upkeep]\n|upkeep\n|\n|t:|1791047439\n|switch|p1a: Dragapult|Dragapult, M|100/100\n|turn|14\n|\n|t:|1791047442\n|move|p2a: Urshifu|Surging Strikes|p1a: Dragapult\n|-resisted|p1a: Dragapult\n|-crit|p1a: Dragapult\n|-damage|p1a: Dragapult|69/100\n|-resisted|p1a: Dragapult\n|-crit|p1a: Dragapult\n|-damage|p1a: Dragapult|38/100\n|-resisted|p1a: Dragapult\n|-crit|p1a: Dragapult\n|-damage|p1a: Dragapult|9/100\n|-hitcount|p1a: Dragapult|3\n|move|p1a: Dragapult|Shadow Ball|p2a: Urshifu\n|-damage|p2a: Urshifu|0 fnt\n|faint|p2a: Urshifu\n|\n|-weather|RainDance|[upkeep]\n|-sideend|p2: ClausETG|move: Tailwind\n|upkeep\n|\n|t:|1791047461\n|switch|p2a: Pelipper|Pelipper, F|51/100\n|turn|15\n|\n|t:|1791047465\n|move|p1a: Dragapult|Shadow Ball|p2a: Pelipper\n|-damage|p2a: Pelipper|0 fnt\n|faint|p2a: Pelipper\n|\n|-weather|RainDance|[upkeep]\n|upkeep\n|\n|t:|1791047470\n|switch|p2a: Tornadus|Tornadus-Therian, M|100/100\n|turn|16\n|\n|t:|1791047475\n|move|p1a: Dragapult|Shadow Ball|p2a: Tornadus\n|-damage|p2a: Tornadus|67/100\n|move|p2a: Tornadus|Knock Off|p1a: Dragapult\n|-supereffective|p1a: Dragapult\n|-damage|p1a: Dragapult|0 fnt\n|-enditem|p1a: Dragapult|Choice Specs|[from] move: Knock Off|[of] p2a: Tornadus\n|faint|p1a: Dragapult\n|\n|-weather|RainDance|[upkeep]\n|upkeep\n|\n|t:|1791047479\n|switch|p1a: Zeraora|Zeraora|100/100\n|turn|17\n|\n|t:|1791047488\n|move|p1a: Zeraora|Plasma Fists|p2a: Tornadus\n|-supereffective|p2a: Tornadus\n|-damage|p2a: Tornadus|0 fnt\n|-fieldactivate|move: Ion Deluge\n|-hint|Normal-type moves become Electric-type after using Plasma Fists.\n|faint|p2a: Tornadus\n|\n|win|GrunkleConn\n|raw|GrunkleConn's rating: 1242 &rarr; <strong>1254</strong><br />(+12 for winning)\n|raw|ClausETG's rating: 1036 &rarr; <strong>1029</strong><br />(-7 for losing)\n", "uploadtime": 1791047496, "views": "1", "formatid": "gen8ou", "rating": 1029, "private": 0, "password": null}