{"id": "gen8ou-2692325223", "format": "[Gen 8] OU", "players": ["just dum luck", "Infernoss"], "log": "|j|\u2606just dum luck\n|j|\u2606Infernoss\n|t:|1791057513\n|gametype|singles\n|player|p1|just dum luck|waiter-gen4|1320\n|player|p2|Infernoss|pokemonrangerf-gen4|1438\n|gen|8\n|tier|[Gen 8] OU\n|rated|\n|rule|HP Percentage Mod: HP is shown in percentages\n|rule|Endless Battle Clause: Forcing endless battles is banned\n|rule|Sleep Clause Mod: Limit one foe put to sleep\n|rule|Species Clause: Limit one of each Pok\u00e9mon\n|rule|OHKO Clause: OHKO moves are banned\n|rule|Evasion Items Clause: Evasion items are banned\n|rule|Evasion Moves Clause: Evasion moves are banned\n|rule|Dynamax Clause: You cannot dynamax\n|clearpoke\n|poke|p1|Volcanion|\n|poke|p1|Zapdos|\n|poke|p1|Landorus-Therian, M|\n|poke|p1|Ferrothorn, M|\n|poke|p1|Bisharp, F|\n|poke|p1|Dragapult, F|\n|poke|p2|Xatu, F|\n|poke|p2|Slowking-Galar, F|\n|poke|p2|Landorus-Therian, M|\n|poke|p2|Klefki, M|\n|poke|p2|Rotom-Wash|\n|poke|p2|Keldeo-Resolute|\n|teampreview\n|\n|t:|1791057538\n|teamsize|p1|6\n|teamsize|p2|6\n|start\n|switch|p1a: Volcanion|Volcanion|100/100\n|switch|p2a: Klefki|Klefki, M|100/100\n|turn|1\n|\n|t:|1791057547\n|move|p2a: Klefki|Light Screen|p2a: Klefki\n|-sidestart|p2: Infernoss|move: Light Screen\n|move|p1a: Volcanion|Steam Eruption|p2a: Klefki\n|-damage|p2a: Klefki|63/100\n|\n|upkeep\n|turn|2\n|\n|t:|1791057556\n|move|p2a: Klefki|Reflect|p2a: Klefki\n|-sidestart|p2: Infernoss|Reflect\n|move|p1a: Volcanion|Steam Eruption|p2a: Klefki\n|-damage|p2a: Klefki|27/100\n|\n|upkeep\n|turn|3\n|\n|t:|1791057564\n|switch|p2a: Washy|Rotom-Wash|100/100\n|move|p1a: Volcanion|Steam Eruption|p2a: Washy\n|-resisted|p2a: Washy\n|-damage|p2a: Washy|80/100\n|-status|p2a: Washy|brn\n|\n|-damage|p2a: Washy|74/100 brn|[from] brn\n|upkeep\n|turn|4\n|\n|t:|1791057572\n|switch|p1a: Landorus|Landorus-Therian, M|100/100\n|-ability|p1a: Landorus|Intimidate|boost\n|-unboost|p2a: Washy|atk|1\n|move|p2a: Washy|Will-O-Wisp|p1a: Landorus\n|-status|p1a: Landorus|brn\n|\n|-damage|p1a: Landorus|94/100 brn|[from] brn\n|-damage|p2a: Washy|67/100 brn|[from] brn\n|upkeep\n|turn|5\n|\n|t:|1791057590\n|switch|p2a: Piolin|Xatu, F|100/100\n|move|p1a: Landorus|U-turn|p2a: Piolin\n|-damage|p2a: Piolin|94/100\n|\n|t:|1791057610\n|switch|p1a: Volcanion|Volcanion|100/100|[from] U-turn\n|\n|upkeep\n|turn|6\n|\n|t:|1791057619\n|move|p2a: Piolin|Calm Mind|p2a: Piolin\n|-boost|p2a: Piolin|spa|1\n|-boost|p2a: Piolin|spd|1\n|move|p1a: Volcanion|Steam Eruption|p2a: Piolin\n|-damage|p2a: Piolin|58/100\n|-status|p2a: Piolin|brn\n|\n|-damage|p2a: Piolin|52/100 brn|[from] brn\n|upkeep\n|turn|7\n|\n|t:|1791057628\n|move|p2a: Piolin|Calm Mind|p2a: Piolin\n|-boost|p2a: Piolin|spa|1\n|-boost|p2a: Piolin|spd|1\n|move|p1a: Volcanion|Steam Eruption|p2a: Piolin\n|-damage|p2a: Piolin|25/100 brn\n|\n|-damage|p2a: Piolin|19/100 brn|[from] brn\n|upkeep\n|turn|8\n|\n|t:|1791057638\n|switch|p1a: Dragapult|Dragapult, F|100/100\n|move|p2a: Piolin|Roost|p2a: Piolin\n|-heal|p2a: Piolin|69/100 brn\n|-singleturn|p2a: Piolin|move: Roost\n|\n|-damage|p2a: Piolin|63/100 brn|[from] brn\n|-sideend|p2: Infernoss|move: Light Screen\n|upkeep\n|turn|9\n|\n|t:|1791057647\n|move|p1a: Dragapult|Dragon Darts|p2a: Piolin\n|-damage|p2a: Piolin|38/100 brn\n|-anim|p1a: Dragapult|Dragon Darts|p2a: Piolin\n|-damage|p2a: Piolin|12/100 brn\n|move|p2a: Piolin|Stored Power|p1a: Dragapult\n|-damage|p1a: Dragapult|13/100\n|\n|-damage|p2a: Piolin|6/100 brn|[from] brn\n|-sideend|p2: Infernoss|Reflect\n|upkeep\n|turn|10\n|\n|t:|1791057657\n|switch|p2a: Klefki|Klefki, M|27/100\n|move|p1a: Dragapult|Dragon Darts|p2a: Klefki\n|-immune|p2a: Klefki\n|\n|upkeep\n|turn|11\n|\n|t:|1791057667\n|switch|p1a: Ferrothorn|Ferrothorn, M|100/100\n|move|p2a: Klefki|Light Screen|p2a: Klefki\n|-sidestart|p2: Infernoss|move: Light Screen\n|\n|upkeep\n|turn|12\n|\n|t:|1791057676\n|switch|p2a: Piolin|Xatu, F|6/100 brn\n|move|p1a: Ferrothorn|Gyro Ball|p2a: Piolin\n|-damage|p2a: Piolin|0 fnt\n|faint|p2a: Piolin\n|\n|upkeep\n|\n|t:|1791057683\n|switch|p2a: Powny|Keldeo-Resolute|100/100\n|turn|13\n|\n|t:|1791057689\n|move|p2a: Powny|Substitute|p2a: Powny\n|-start|p2a: Powny|Substitute\n|-damage|p2a: Powny|75/100\n|move|p1a: Ferrothorn|Stealth Rock|p2a: Powny\n|-sidestart|p2: Infernoss|move: Stealth Rock\n|\n|-heal|p2a: Powny|82/100|[from] item: Leftovers\n|upkeep\n|turn|14\n|\n|t:|1791057695\n|switch|p1a: Volcanion|Volcanion|100/100\n|move|p2a: Powny|Calm Mind|p2a: Powny\n|-boost|p2a: Powny|spa|1\n|-boost|p2a: Powny|spd|1\n|\n|-heal|p2a: Powny|88/100|[from] item: Leftovers\n|upkeep\n|turn|15\n|\n|t:|1791057703\n|move|p2a: Powny|Calm Mind|p2a: Powny\n|-boost|p2a: Powny|spa|1\n|-boost|p2a: Powny|spd|1\n|move|p1a: Volcanion|Sludge Bomb|p2a: Powny\n|-activate|p2a: Powny|move: Substitute|[damage]\n|\n|-heal|p2a: Powny|94/100|[from] item: Leftovers\n|upkeep\n|turn|16\n|\n|t:|1791057710\n|move|p2a: Powny|Calm Mind|p2a: Powny\n|-boost|p2a: Powny|spa|1\n|-boost|p2a: Powny|spd|1\n|move|p1a: Volcanion|Sludge Bomb|p2a: Powny\n|-activate|p2a: Powny|move: Substitute|[damage]\n|\n|-heal|p2a: Powny|100/100|[from] item: Leftovers\n|upkeep\n|turn|17\n|\n|t:|1791057724\n|move|p2a: Powny|Calm Mind|p2a: Powny\n|-boost|p2a: Powny|spa|1\n|-boost|p2a: Powny|spd|1\n|move|p1a: Volcanion|Sludge Bomb|p2a: Powny\n|-end|p2a: Powny|Substitute\n|\n|upkeep\n|turn|18\n|\n|t:|1791057731\n|switch|p1a: Zapdos|Zapdos|100/100\n|move|p2a: Powny|Substitute|p2a: Powny\n|-start|p2a: Powny|Substitute\n|-damage|p2a: Powny|75/100\n|\n|-heal|p2a: Powny|82/100|[from] item: Leftovers\n|-sideend|p2: Infernoss|move: Light Screen\n|upkeep\n|turn|19\n|\n|t:|1791057738\n|move|p2a: Powny|Scald|p1a: Zapdos\n|-damage|p1a: Zapdos|0 fnt\n|faint|p1a: Zapdos\n|\n|-heal|p2a: Powny|88/100|[from] item: Leftovers\n|upkeep\n|inactive|Battle timer is ON: inactive players will automatically lose when time's up. (requested by Infernoss)\n|\n|t:|1791057750\n|switch|p1a: Dragapult|Dragapult, F|13/100\n|turn|20\n|\n|t:|1791057753\n|move|p1a: Dragapult|Dragon Darts|p2a: Powny\n|-end|p2a: Powny|Substitute\n|-anim|p1a: Dragapult|Dragon Darts|p2a: Powny\n|-damage|p2a: Powny|47/100\n|move|p2a: Powny|Scald|p1a: Dragapult\n|-resisted|p1a: Dragapult\n|-damage|p1a: Dragapult|0 fnt\n|faint|p1a: Dragapult\n|\n|-heal|p2a: Powny|53/100|[from] item: Leftovers\n|upkeep\n|\n|t:|1791057773\n|switch|p1a: Bisharp|Bisharp, F|100/100\n|turn|21\n|\n|t:|1791057780\n|move|p1a: Bisharp|Sucker Punch|p2a: Powny\n|-resisted|p2a: Powny\n|-damage|p2a: Powny|22/100\n|-ability|p2a: Powny|Justified|boost\n|-boost|p2a: Powny|atk|1\n|move|p2a: Powny|Secret Sword|p1a: Bisharp\n|-supereffective|p1a: Bisharp\n|-damage|p1a: Bisharp|0 fnt\n|faint|p1a: Bisharp\n|\n|-heal|p2a: Powny|28/100|[from] item: Leftovers\n|upkeep\n|-message|just dum luck forfeited.\n|\n|win|Infernoss\n|raw|just dum luck's rating: 1320 &rarr; <strong>1307</strong><br />(-13 for losing)\n|raw|Infernoss's rating: 1438 &rarr; <strong>1451</strong><br />(+13 for winning)\n|l|\u2606just dum luck\n|player|p1|\n", "uploadtime": 1791057797, "views": "4", "formatid": "gen8ou", "rating": 1307, "private": 0, "password": null}