{"id": "gen8ou-2690528051", "format": "[Gen 8] OU", "players": ["RandoNminous", "Neo Lavres"], "log": "|j|\u2606RandoNminous\n|j|\u2606Neo Lavres\n|t:|1790787882\n|gametype|singles\n|player|p1|RandoNminous|waiter|1036\n|player|p2|Neo Lavres|2|1313\n|gen|8\n|tier|[Gen 8] OU\n|rated|\n|rule|HP Percentage Mod: HP is shown in percentages\n|rule|Endless Battle Clause: Forcing endless battles is banned\n|rule|Sleep Clause Mod: Limit one foe put to sleep\n|rule|Species Clause: Limit one of each Pok\u00e9mon\n|rule|OHKO Clause: OHKO moves are banned\n|rule|Evasion Items Clause: Evasion items are banned\n|rule|Evasion Moves Clause: Evasion moves are banned\n|rule|Dynamax Clause: You cannot dynamax\n|clearpoke\n|poke|p1|Dusknoir, M|\n|poke|p1|Cofagrigus, M|\n|poke|p1|Spiritomb, M|\n|poke|p1|Gengar, M|\n|poke|p1|Tyrantrum, M|\n|poke|p1|Chandelure, F|\n|poke|p2|Clefable, F|\n|poke|p2|Dragonite, M|\n|poke|p2|Ferrothorn, M|\n|poke|p2|Heatran, M|\n|poke|p2|Landorus-Therian, M|\n|poke|p2|Tapu Koko|\n|teampreview\n|inactive|Battle timer is ON: inactive players will automatically lose when time's up. (requested by Neo Lavres)\n|c|\u2606Neo Lavres|hf\n|\n|t:|1790787905\n|teamsize|p1|6\n|teamsize|p2|6\n|start\n|switch|p1a: REBORNED|Tyrantrum, M|100/100\n|switch|p2a: Clefable|Clefable, F|100/100\n|turn|1\n|\n|t:|1790787910\n|move|p1a: REBORNED|Dragon Dance|p1a: REBORNED\n|-boost|p1a: REBORNED|atk|1\n|-boost|p1a: REBORNED|spe|1\n|move|p2a: Clefable|Moonblast|p1a: REBORNED\n|-supereffective|p1a: REBORNED\n|-enditem|p1a: REBORNED|Focus Sash\n|-damage|p1a: REBORNED|1/100\n|\n|upkeep\n|turn|2\n|\n|t:|1790787917\n|switch|p2a: Landorus|Landorus-Therian, M|100/100\n|-ability|p2a: Landorus|Intimidate|boost\n|-unboost|p1a: REBORNED|atk|1\n|move|p1a: REBORNED|Head Smash|p2a: Landorus|[miss]\n|-miss|p1a: REBORNED|p2a: Landorus\n|\n|upkeep\n|turn|3\n|\n|t:|1790787924\n|move|p1a: REBORNED|Head Smash|p2a: Landorus\n|-crit|p2a: Landorus\n|-damage|p2a: Landorus|10/100\n|-damage|p1a: REBORNED|0 fnt|[from] item: Rocky Helmet|[of] p2a: Landorus\n|faint|p1a: REBORNED\n|move|p2a: Landorus|U-turn|p1: REBORNED|[notarget]\n|-fail|p2a: Landorus\n|\n|upkeep\n|\n|t:|1790787932\n|switch|p1a: Faded Flame|Chandelure, F|100/100\n|turn|4\n|\n|t:|1790787950\n|move|p2a: Landorus|Knock Off|p1a: Faded Flame\n|-supereffective|p1a: Faded Flame\n|-damage|p1a: Faded Flame|30/100\n|-enditem|p1a: Faded Flame|Salac Berry|[from] move: Knock Off|[of] p2a: Landorus\n|move|p1a: Faded Flame|Shadow Ball|p2a: Landorus\n|-damage|p2a: Landorus|0 fnt\n|faint|p2a: Landorus\n|\n|upkeep\n|\n|t:|1790787956\n|switch|p2a: Tapu Koko|Tapu Koko|100/100\n|-fieldstart|move: Electric Terrain|[from] ability: Electric Surge|[of] p2a: Tapu Koko\n|turn|5\n|\n|t:|1790787960\n|move|p2a: Tapu Koko|Thunderbolt|p1a: Faded Flame\n|-damage|p1a: Faded Flame|0 fnt\n|faint|p1a: Faded Flame\n|\n|upkeep\n|\n|t:|1790787963\n|switch|p1a: Temptness|Gengar, M|100/100\n|turn|6\n|\n|t:|1790787968\n|move|p2a: Tapu Koko|Thunderbolt|p1a: Temptness\n|-damage|p1a: Temptness|21/100\n|move|p1a: Temptness|Destiny Bond|p1a: Temptness\n|-singlemove|p1a: Temptness|Destiny Bond\n|\n|upkeep\n|turn|7\n|\n|t:|1790787975\n|move|p2a: Tapu Koko|Calm Mind|p2a: Tapu Koko\n|-boost|p2a: Tapu Koko|spa|1\n|-boost|p2a: Tapu Koko|spd|1\n|move|p1a: Temptness|Sludge Bomb|p2a: Tapu Koko\n|-supereffective|p2a: Tapu Koko\n|-damage|p2a: Tapu Koko|0 fnt\n|faint|p2a: Tapu Koko\n|-damage|p1a: Temptness|12/100|[from] item: Life Orb\n|\n|upkeep\n|\n|t:|1790787982\n|switch|p2a: Heatran|Heatran, M|100/100\n|-item|p2a: Heatran|Air Balloon\n|turn|8\n|\n|t:|1790787988\n|move|p1a: Temptness|Taunt|p2a: Heatran\n|-start|p2a: Heatran|move: Taunt\n|cant|p2a: Heatran|move: Taunt|Stealth Rock\n|\n|upkeep\n|turn|9\n|\n|t:|1790787993\n|move|p1a: Temptness|Destiny Bond|p1a: Temptness\n|-singlemove|p1a: Temptness|Destiny Bond\n|move|p2a: Heatran|Earth Power|p1a: Temptness\n|-supereffective|p1a: Temptness\n|-damage|p1a: Temptness|0 fnt\n|faint|p1a: Temptness\n|-activate|p1a: Temptness|move: Destiny Bond\n|faint|p2a: Heatran\n|\n|-fieldend|move: Electric Terrain\n|upkeep\n|\n|t:|1790788001\n|switch|p1a: LoneBone|Cofagrigus, M|100/100\n|switch|p2a: Ferrothorn|Ferrothorn, M|100/100\n|turn|10\n|\n|t:|1790788005\n|move|p1a: LoneBone|Nasty Plot|p1a: LoneBone\n|-boost|p1a: LoneBone|spa|2\n|move|p2a: Ferrothorn|Leech Seed|p1a: LoneBone\n|-start|p1a: LoneBone|move: Leech Seed\n|\n|-damage|p1a: LoneBone|88/100|[from] Leech Seed|[of] p2a: Ferrothorn\n|upkeep\n|turn|11\n|\n|t:|1790788010\n|move|p1a: LoneBone|Nasty Plot|p1a: LoneBone\n|-boost|p1a: LoneBone|spa|2\n|move|p2a: Ferrothorn|Knock Off|p1a: LoneBone\n|-supereffective|p1a: LoneBone\n|-damage|p1a: LoneBone|56/100\n|-activate|p1a: LoneBone|ability: Mummy|p2a: Ferrothorn|[ability] Iron Barbs\n|-enditem|p1a: LoneBone|Leftovers|[from] move: Knock Off|[of] p2a: Ferrothorn\n|\n|-damage|p1a: LoneBone|44/100|[from] Leech Seed|[of] p2a: Ferrothorn\n|upkeep\n|turn|12\n|\n|t:|1790788018\n|move|p1a: LoneBone|Shadow Ball|p2a: Ferrothorn\n|-damage|p2a: Ferrothorn|20/100\n|-unboost|p2a: Ferrothorn|spd|1\n|move|p2a: Ferrothorn|Spikes|p1a: LoneBone\n|-sidestart|p1: RandoNminous|Spikes\n|\n|-damage|p1a: LoneBone|31/100|[from] Leech Seed|[of] p2a: Ferrothorn\n|-heal|p2a: Ferrothorn|31/100|[silent]\n|upkeep\n|turn|13\n|\n|t:|1790788022\n|move|p2a: Ferrothorn|Spikes|p1a: LoneBone\n|-sidestart|p1: RandoNminous|Spikes\n|move|p1a: LoneBone|Trick Room|p1a: LoneBone\n|-fieldstart|move: Trick Room|[of] p1a: LoneBone\n|\n|-damage|p1a: LoneBone|19/100|[from] Leech Seed|[of] p2a: Ferrothorn\n|-heal|p2a: Ferrothorn|42/100|[silent]\n|upkeep\n|turn|14\n|\n|t:|1790788027\n|move|p2a: Ferrothorn|Knock Off|p1a: LoneBone\n|-supereffective|p1a: LoneBone\n|-damage|p1a: LoneBone|0 fnt\n|faint|p1a: LoneBone\n|\n|upkeep\n|\n|t:|1790788029\n|switch|p1a: Enertingy|Spiritomb, M|100/100\n|-damage|p1a: Enertingy|84/100|[from] Spikes\n|-ability|p1a: Enertingy|Pressure\n|turn|15\n|\n|t:|1790788032\n|move|p2a: Ferrothorn|Leech Seed|p1a: Enertingy\n|-start|p1a: Enertingy|move: Leech Seed\n|move|p1a: Enertingy|Substitute|p1a: Enertingy\n|-start|p1a: Enertingy|Substitute\n|-damage|p1a: Enertingy|59/100\n|\n|-damage|p1a: Enertingy|47/100|[from] Leech Seed|[of] p2a: Ferrothorn\n|-heal|p2a: Ferrothorn|53/100|[silent]\n|upkeep\n|turn|16\n|\n|t:|1790788036\n|move|p2a: Ferrothorn|Knock Off|p1a: Enertingy\n|-activate|p1a: Enertingy|move: Substitute|[damage]\n|move|p1a: Enertingy|Calm Mind|p1a: Enertingy\n|-boost|p1a: Enertingy|spa|1\n|-boost|p1a: Enertingy|spd|1\n|\n|-damage|p1a: Enertingy|34/100|[from] Leech Seed|[of] p2a: Ferrothorn\n|-heal|p2a: Ferrothorn|64/100|[silent]\n|upkeep\n|turn|17\n|\n|t:|1790788039\n|move|p2a: Ferrothorn|Knock Off|p1a: Enertingy\n|-end|p1a: Enertingy|Substitute\n|move|p1a: Enertingy|Shadow Ball|p2a: Ferrothorn\n|-damage|p2a: Ferrothorn|12/100\n|-unboost|p2a: Ferrothorn|spd|1\n|\n|-damage|p1a: Enertingy|22/100|[from] Leech Seed|[of] p2a: Ferrothorn\n|-heal|p2a: Ferrothorn|22/100|[silent]\n|-fieldend|move: Trick Room\n|upkeep\n|turn|18\n|\n|t:|1790788044\n|move|p1a: Enertingy|Shadow Ball|p2a: Ferrothorn\n|-damage|p2a: Ferrothorn|0 fnt\n|faint|p2a: Ferrothorn\n|\n|upkeep\n|\n|t:|1790788048\n|switch|p2a: Dragonite|Dragonite, M|100/100\n|turn|19\n|\n|t:|1790788052\n|move|p2a: Dragonite|Earthquake|p1a: Enertingy\n|-damage|p1a: Enertingy|0 fnt\n|faint|p1a: Enertingy\n|\n|upkeep\n|\n|t:|1790788054\n|switch|p1a: Watcher|Dusknoir, M|100/100\n|-damage|p1a: Watcher|84/100|[from] Spikes\n|-ability|p1a: Watcher|Pressure\n|turn|20\n|\n|t:|1790788060\n|move|p2a: Dragonite|Dragon Dance|p2a: Dragonite\n|-boost|p2a: Dragonite|atk|1\n|-boost|p2a: Dragonite|spe|1\n|move|p1a: Watcher|Will-O-Wisp|p2a: Dragonite\n|-status|p2a: Dragonite|brn\n|\n|-damage|p2a: Dragonite|94/100 brn|[from] brn\n|upkeep\n|turn|21\n|\n|t:|1790788068\n|move|p2a: Dragonite|Dragon Dance|p2a: Dragonite\n|-boost|p2a: Dragonite|atk|1\n|-boost|p2a: Dragonite|spe|1\n|move|p1a: Watcher|Poltergeist|p2a: Dragonite\n|-activate|p2a: Dragonite|move: Poltergeist|Heavy-Duty Boots\n|-damage|p2a: Dragonite|41/100 brn\n|\n|-damage|p2a: Dragonite|35/100 brn|[from] brn\n|upkeep\n|turn|22\n|\n|t:|1790788071\n|move|p2a: Dragonite|Ice Punch|p1a: Watcher\n|-damage|p1a: Watcher|62/100\n|move|p1a: Watcher|Poltergeist|p2a: Dragonite\n|-activate|p2a: Dragonite|move: Poltergeist|Heavy-Duty Boots\n|-damage|p2a: Dragonite|0 fnt\n|faint|p2a: Dragonite\n|\n|upkeep\n|\n|t:|1790788074\n|switch|p2a: Clefable|Clefable, F|100/100\n|turn|23\n|\n|t:|1790788081\n|move|p2a: Clefable|Thunder Wave|p1a: Watcher|[miss]\n|-miss|p2a: Clefable|p1a: Watcher\n|move|p1a: Watcher|Poltergeist|p2a: Clefable\n|-activate|p2a: Clefable|move: Poltergeist|Sticky Barb\n|-damage|p2a: Clefable|50/100\n|\n|upkeep\n|turn|24\n|\n|t:|1790788088\n|move|p2a: Clefable|Thunder Wave|p1a: Watcher\n|-status|p1a: Watcher|par\n|move|p1a: Watcher|Poltergeist|p2a: Clefable\n|-activate|p2a: Clefable|move: Poltergeist|Sticky Barb\n|-damage|p2a: Clefable|5/100\n|\n|upkeep\n|turn|25\n|-activate|p1a: Watcher|item: Quick Claw\n|\n|t:|1790788096\n|move|p1a: Watcher|Power-Up Punch|p2a: Clefable\n|-resisted|p2a: Clefable\n|-damage|p2a: Clefable|0 fnt\n|-boost|p1a: Watcher|atk|1\n|faint|p2a: Clefable\n|\n|win|RandoNminous\n|raw|RandoNminous's rating: 1036 &rarr; <strong>1094</strong><br />(+58 for winning)\n|raw|Neo Lavres's rating: 1313 &rarr; <strong>1280</strong><br />(-33 for losing)\n", "uploadtime": 1790788099, "views": "16", "formatid": "gen8ou", "rating": 1094, "private": 0, "password": null}