{"id": "gen8ou-2687996098", "format": "[Gen 8] OU", "players": ["ihateclodsire", "Aariceus"], "log": "|j|\u2606ihateclodsire\n|j|\u2606Aariceus\n|inactive|Battle timer is ON: inactive players will automatically lose when time's up.\n|t:|1790388902\n|gametype|singles\n|player|p1|ihateclodsire|elio|\n|player|p2|Aariceus|hero2-conquest|\n|gen|8\n|tier|[Gen 8] OU\n|rated|Tournament battle\n|rule|HP Percentage Mod: HP is shown in percentages\n|rule|Endless Battle Clause: Forcing endless battles is banned\n|rule|Sleep Clause Mod: Limit one foe put to sleep\n|rule|Species Clause: Limit one of each Pok\u00e9mon\n|rule|OHKO Clause: OHKO moves are banned\n|rule|Evasion Items Clause: Evasion items are banned\n|rule|Evasion Moves Clause: Evasion moves are banned\n|rule|Dynamax Clause: You cannot dynamax\n|clearpoke\n|poke|p1|Moltres|\n|poke|p1|Landorus-Therian, M|\n|poke|p1|Dracozolt|\n|poke|p1|Weavile, M|\n|poke|p1|Primarina, F|\n|poke|p1|Scizor, M|\n|poke|p2|Pelipper, F|\n|poke|p2|Barraskewda, F|\n|poke|p2|Tapu Lele|\n|poke|p2|Ferrothorn, F|\n|poke|p2|Zapdos|\n|poke|p2|Garchomp, F|\n|teampreview\n|inactive|ihateclodsire also wants the timer to be on.\n|j| LFGamer2009\n|c|\u2606ihateclodsire|Hf\n|j|#Seyhura\n|inactive|Aariceus has 120 seconds left.\n|\n|t:|1790388940\n|teamsize|p1|6\n|teamsize|p2|6\n|start\n|switch|p1a: Moltres|Moltres|100/100\n|switch|p2a: Pelipper|Pelipper, F|100/100\n|-weather|RainDance|[from] ability: Drizzle|[of] p2a: Pelipper\n|turn|1\n|\n|t:|1790388960\n|move|p1a: Moltres|Hurricane|p2a: Pelipper\n|-damage|p2a: Pelipper|0 fnt\n|faint|p2a: Pelipper\n|\n|-weather|RainDance|[upkeep]\n|upkeep\n|c|\u2606Aariceus|specs i think\n|\n|t:|1790388977\n|switch|p2a: Barraskewda|Barraskewda, F|100/100\n|turn|2\n|\n|t:|1790388984\n|switch|p1a: Primarina|Primarina, F|100/100\n|move|p2a: Barraskewda|Flip Turn|p1a: Primarina\n|-resisted|p1a: Primarina\n|-damage|p1a: Primarina|70/100\n|-damage|p2a: Barraskewda|84/100|[from] item: Rocky Helmet|[of] p1a: Primarina\n|\n|t:|1790388993\n|switch|p2a: Zapdos|Zapdos|100/100|[from] Flip Turn\n|\n|-weather|RainDance|[upkeep]\n|upkeep\n|turn|3\n|\n|t:|1790389002\n|switch|p1a: Landorus|Landorus-Therian, M|100/100\n|-ability|p1a: Landorus|Intimidate|boost\n|-unboost|p2a: Zapdos|atk|1\n|move|p2a: Zapdos|Thunder|p1a: Landorus\n|-immune|p1a: Landorus\n|\n|-weather|RainDance|[upkeep]\n|upkeep\n|turn|4\n|\n|t:|1790389010\n|switch|p1a: Dracozolt|Dracozolt|100/100\n|move|p2a: Zapdos|Weather Ball|p1a: Dracozolt\n|-resisted|p1a: Dracozolt\n|-damage|p1a: Dracozolt|66/100\n|\n|-weather|RainDance|[upkeep]\n|upkeep\n|turn|5\n|\n|t:|1790389016\n|move|p2a: Zapdos|Hurricane|p1a: Dracozolt\n|-resisted|p1a: Dracozolt\n|-damage|p1a: Dracozolt|28/100\n|-start|p1a: Dracozolt|confusion\n|-activate|p1a: Dracozolt|confusion\n|move|p1a: Dracozolt|Bolt Beak|p2a: Zapdos\n|-damage|p2a: Zapdos|38/100\n|\n|-weather|RainDance|[upkeep]\n|upkeep\n|turn|6\n|inactive|ihateclodsire has 120 seconds left.\n|\n|t:|1790389054\n|move|p2a: Zapdos|Hurricane|p1a: Dracozolt\n|-resisted|p1a: Dracozolt\n|-damage|p1a: Dracozolt|0 fnt\n|faint|p1a: Dracozolt\n|\n|-weather|RainDance|[upkeep]\n|upkeep\n|\n|t:|1790389057\n|switch|p1a: Weavile|Weavile, M|100/100\n|-ability|p1a: Weavile|Pressure\n|turn|7\n|\n|t:|1790389078\n|move|p1a: Weavile|Icicle Crash|p2a: Zapdos\n|-supereffective|p2a: Zapdos\n|-damage|p2a: Zapdos|0 fnt\n|faint|p2a: Zapdos\n|\n|-weather|RainDance|[upkeep]\n|upkeep\n|\n|t:|1790389083\n|switch|p2a: Barraskewda|Barraskewda, F|84/100\n|turn|8\n|\n|t:|1790389089\n|switch|p1a: Primarina|Primarina, F|70/100\n|move|p2a: Barraskewda|Liquidation|p1a: Primarina\n|-resisted|p1a: Primarina\n|-damage|p1a: Primarina|28/100\n|-damage|p2a: Barraskewda|68/100|[from] item: Rocky Helmet|[of] p1a: Primarina\n|\n|-weather|none\n|upkeep\n|turn|9\n|\n|t:|1790389107\n|move|p2a: Barraskewda|Liquidation|p1a: Primarina\n|-resisted|p1a: Primarina\n|-damage|p1a: Primarina|0 fnt\n|-damage|p2a: Barraskewda|51/100|[from] item: Rocky Helmet|[of] p1a: Primarina\n|faint|p1a: Primarina\n|\n|upkeep\n|\n|t:|1790389109\n|switch|p1a: Weavile|Weavile, M|100/100\n|-ability|p1a: Weavile|Pressure\n|turn|10\n|\n|t:|1790389115\n|switch|p2a: Ferrothorn|Ferrothorn, F|100/100\n|move|p1a: Weavile|Knock Off|p2a: Ferrothorn\n|-crit|p2a: Ferrothorn\n|-damage|p2a: Ferrothorn|23/100\n|-damage|p1a: Weavile|88/100|[from] ability: Iron Barbs|[of] p2a: Ferrothorn\n|-damage|p1a: Weavile|71/100|[from] item: Rocky Helmet|[of] p2a: Ferrothorn\n|-enditem|p2a: Ferrothorn|Rocky Helmet|[from] move: Knock Off|[of] p1a: Weavile\n|\n|upkeep\n|turn|11\n|\n|t:|1790389122\n|move|p1a: Weavile|Knock Off|p2a: Ferrothorn\n|-damage|p2a: Ferrothorn|0 fnt\n|-damage|p1a: Weavile|59/100|[from] ability: Iron Barbs|[of] p2a: Ferrothorn\n|faint|p2a: Ferrothorn\n|\n|upkeep\n|\n|t:|1790389144\n|switch|p2a: Barraskewda|Barraskewda, F|51/100\n|turn|12\n|\n|t:|1790389149\n|switch|p1a: Landorus|Landorus-Therian, M|100/100\n|-ability|p1a: Landorus|Intimidate|boost\n|-unboost|p2a: Barraskewda|atk|1\n|move|p2a: Barraskewda|Liquidation|p1a: Landorus\n|-supereffective|p1a: Landorus\n|-damage|p1a: Landorus|19/100\n|\n|-heal|p1a: Landorus|25/100|[from] item: Leftovers\n|upkeep\n|turn|13\n|\n|t:|1790389157\n|move|p2a: Barraskewda|Liquidation|p1a: Landorus\n|-supereffective|p1a: Landorus\n|-damage|p1a: Landorus|0 fnt\n|faint|p1a: Landorus\n|\n|upkeep\n|\n|t:|1790389159\n|switch|p1a: Weavile|Weavile, M|59/100\n|-ability|p1a: Weavile|Pressure\n|turn|14\n|\n|t:|1790389187\n|move|p1a: Weavile|Icicle Crash|p2a: Barraskewda\n|-resisted|p2a: Barraskewda\n|-damage|p2a: Barraskewda|0 fnt\n|faint|p2a: Barraskewda\n|\n|upkeep\n|\n|t:|1790389192\n|switch|p2a: Tapu Lele|Tapu Lele|100/100\n|-fieldstart|move: Psychic Terrain|[from] ability: Psychic Surge|[of] p2a: Tapu Lele\n|turn|15\n|\n|t:|1790389195\n|switch|p1a: Scizor|Scizor, M|100/100\n|move|p2a: Tapu Lele|Moonblast|p1a: Scizor\n|-resisted|p1a: Scizor\n|-damage|p1a: Scizor|61/100\n|-unboost|p1a: Scizor|spa|1\n|\n|upkeep\n|turn|16\n|\n|t:|1790389199\n|move|p2a: Tapu Lele|Moonblast|p1a: Scizor\n|-resisted|p1a: Scizor\n|-damage|p1a: Scizor|20/100\n|move|p1a: Scizor|U-turn|p2a: Tapu Lele\n|-damage|p2a: Tapu Lele|57/100\n|\n|t:|1790389207\n|switch|p1a: Moltres|Moltres|100/100|[from] U-turn\n|\n|upkeep\n|turn|17\n|\n|t:|1790389210\n|move|p2a: Tapu Lele|Moonblast|p1a: Moltres\n|-resisted|p1a: Moltres\n|-damage|p1a: Moltres|55/100\n|move|p1a: Moltres|Flamethrower|p2a: Tapu Lele\n|-damage|p2a: Tapu Lele|0 fnt\n|faint|p2a: Tapu Lele\n|\n|upkeep\n|\n|t:|1790389214\n|switch|p2a: Garchomp|Garchomp, F|100/100\n|turn|18\n|\n|t:|1790389219\n|move|p2a: Garchomp|Stealth Rock|p1a: Moltres\n|-sidestart|p1: ihateclodsire|move: Stealth Rock\n|move|p1a: Moltres|Flamethrower|p2a: Garchomp\n|-resisted|p2a: Garchomp\n|-damage|p2a: Garchomp|58/100\n|-status|p2a: Garchomp|brn\n|\n|-heal|p2a: Garchomp|64/100 brn|[from] item: Leftovers\n|-damage|p2a: Garchomp|58/100 brn|[from] brn\n|upkeep\n|turn|19\n|\n|t:|1790389223\n|move|p2a: Garchomp|Aqua Tail|p1a: Moltres\n|-supereffective|p1a: Moltres\n|-damage|p1a: Moltres|21/100\n|move|p1a: Moltres|Flamethrower|p2a: Garchomp\n|-resisted|p2a: Garchomp\n|-damage|p2a: Garchomp|15/100 brn\n|\n|-heal|p2a: Garchomp|21/100 brn|[from] item: Leftovers\n|-damage|p2a: Garchomp|15/100 brn|[from] brn\n|-fieldend|move: Psychic Terrain\n|upkeep\n|turn|20\n|c|\u2606ihateclodsire|gg\n|\n|t:|1790389233\n|move|p2a: Garchomp|Aqua Tail|p1a: Moltres\n|-supereffective|p1a: Moltres\n|-damage|p1a: Moltres|0 fnt\n|faint|p1a: Moltres\n|\n|-heal|p2a: Garchomp|21/100 brn|[from] item: Leftovers\n|-damage|p2a: Garchomp|15/100 brn|[from] brn\n|upkeep\n|c|\u2606Aariceus|gg\n|\n|t:|1790389235\n|switch|p1a: Weavile|Weavile, M|59/100\n|-damage|p1a: Weavile|34/100|[from] Stealth Rock\n|-ability|p1a: Weavile|Pressure\n|turn|21\n|\n|t:|1790389238\n|move|p1a: Weavile|Ice Shard|p2a: Garchomp\n|-supereffective|p2a: Garchomp\n|-damage|p2a: Garchomp|0 fnt\n|faint|p2a: Garchomp\n|\n|win|ihateclodsire\n|n|\u2606ihateclodsire|ihateclodsire\n|n|\u2606Aariceus|aariceus\n|n| LFGamer2009|lfgamer2009\n|n| Seyhura|seyhura\n", "uploadtime": 1790389238, "views": "4", "formatid": "gen8ou", "rating": null, "private": 0, "password": null}