{"id": "gen8ou-2688247067", "format": "[Gen 8] OU", "players": ["HITESHISWINNING", "GavilarKholin"], "log": "|badge|p2|silver|gen9ou|30-10\n|badge|p2|bronze|gen9lc|100-10\n|uhtml|medal-msg|<div class=\"broadcast-blue\">Curious what those medals under the avatar are? PS now has Ladder Seasons! For more information, check out the <a href=\"https://www.smogon.com/forums/threads/3740067/\">thread on Smogon.</a></div>\n|j|\u2606HITESHISWINNING\n|j|\u2606GavilarKholin\n|inactive|Battle timer is ON: inactive players will automatically lose when time's up.\n|t:|1790439638\n|gametype|singles\n|player|p1|HITESHISWINNING|n|\n|player|p2|GavilarKholin|fantina|\n|gen|8\n|tier|[Gen 8] OU\n|rated|Tournament battle\n|rule|HP Percentage Mod: HP is shown in percentages\n|rule|Endless Battle Clause: Forcing endless battles is banned\n|rule|Sleep Clause Mod: Limit one foe put to sleep\n|rule|Species Clause: Limit one of each Pok\u00e9mon\n|rule|OHKO Clause: OHKO moves are banned\n|rule|Evasion Items Clause: Evasion items are banned\n|rule|Evasion Moves Clause: Evasion moves are banned\n|rule|Dynamax Clause: You cannot dynamax\n|raw|<div class=\"infobox\"><details class=\"readmore\" open><summary><strong>3 custom rules:</strong></summary> -blissey, -wailord, -wobbuffet</details></div>\n|clearpoke\n|poke|p1|Stakataka|\n|poke|p1|Ninjask, F|\n|poke|p1|Moltres|\n|poke|p1|Drampa, M|\n|poke|p1|Cresselia, F|\n|poke|p1|Ludicolo, M|\n|poke|p2|Stakataka|\n|poke|p2|Ninjask, F|\n|poke|p2|Ludicolo, F|\n|poke|p2|Moltres-Galar|\n|poke|p2|Drampa, F|\n|poke|p2|Cresselia, F|\n|teampreview\n|j|*Lady Monita \n|inactive|HITESHISWINNING also wants the timer to be on.\n|\n|t:|1790439643\n|teamsize|p1|6\n|teamsize|p2|6\n|start\n|switch|p1a: Ninjask|Ninjask, F|100/100\n|switch|p2a: Cresselia|Cresselia, F|100/100\n|turn|1\n|\n|t:|1790439650\n|switch|p2a: Stakataka|Stakataka|100/100\n|move|p1a: Ninjask|Swords Dance|p1a: Ninjask\n|-boost|p1a: Ninjask|atk|2\n|\n|-ability|p1a: Ninjask|Speed Boost|boost\n|-boost|p1a: Ninjask|spe|1\n|upkeep\n|turn|2\n|\n|t:|1790439667\n|move|p1a: Ninjask|Leech Life|p2a: Stakataka\n|-resisted|p2a: Stakataka\n|-damage|p2a: Stakataka|68/100\n|-damage|p1a: Ninjask|91/100|[from] item: Life Orb\n|move|p2a: Stakataka|Gyro Ball|p1a: Ninjask\n|-damage|p1a: Ninjask|0 fnt\n|faint|p1a: Ninjask\n|-ability|p2a: Stakataka|Beast Boost|boost\n|-boost|p2a: Stakataka|def|1\n|\n|-heal|p2a: Stakataka|74/100|[from] item: Leftovers\n|upkeep\n|\n|t:|1790439677\n|switch|p1a: Moltres|Moltres|100/100\n|turn|3\n|\n|t:|1790439685\n|switch|p2a: Drampa|Drampa, F|100/100\n|move|p1a: Moltres|Scorching Sands|p2a: Drampa\n|-damage|p2a: Drampa|70/100\n|\n|-heal|p2a: Drampa|77/100|[from] item: Leftovers\n|upkeep\n|turn|4\n|inactive|HITESHISWINNING has 120 seconds left.\n|\n|t:|1790439719\n|switch|p2a: Cresselia|Cresselia, F|100/100\n|move|p1a: Moltres|Scorching Sands|p2a: Cresselia\n|-immune|p2a: Cresselia|[from] ability: Levitate\n|\n|upkeep\n|turn|5\n|inactive|HITESHISWINNING has 120 seconds left.\n|\n|t:|1790439732\n|switch|p2a: Drampa|Drampa, F|77/100\n|switch|p1a: Ludicolo|Ludicolo, M|100/100\n|\n|-heal|p2a: Drampa|83/100|[from] item: Leftovers\n|upkeep\n|turn|6\n|\n|t:|1790439736\n|move|p1a: Ludicolo|Fake Out|p2a: Drampa\n|-damage|p2a: Drampa|75/100\n|cant|p2a: Drampa|flinch\n|\n|-heal|p2a: Drampa|82/100|[from] item: Leftovers\n|upkeep\n|turn|7\n|\n|t:|1790439741\n|move|p1a: Ludicolo|Scald|p2a: Drampa\n|-resisted|p2a: Drampa\n|-damage|p2a: Drampa|68/100\n|move|p2a: Drampa|Hyper Voice|p1a: Ludicolo\n|-damage|p1a: Ludicolo|61/100\n|\n|-heal|p1a: Ludicolo|67/100|[from] item: Leftovers\n|-heal|p2a: Drampa|74/100|[from] item: Leftovers\n|upkeep\n|turn|8\n|\n|t:|1790439761\n|move|p1a: Ludicolo|Giga Drain|p2a: Drampa\n|-resisted|p2a: Drampa\n|-damage|p2a: Drampa|60/100\n|-heal|p1a: Ludicolo|74/100|[from] drain|[of] p2a: Drampa\n|move|p2a: Drampa|Hyper Voice|p1a: Ludicolo\n|-damage|p1a: Ludicolo|30/100\n|\n|-heal|p1a: Ludicolo|36/100|[from] item: Leftovers\n|-heal|p2a: Drampa|67/100|[from] item: Leftovers\n|upkeep\n|turn|9\n|\n|t:|1790439778\n|move|p1a: Ludicolo|Synthesis|p1a: Ludicolo\n|-heal|p1a: Ludicolo|86/100\n|move|p2a: Drampa|Draco Meteor|p1a: Ludicolo\n|-damage|p1a: Ludicolo|25/100\n|-unboost|p2a: Drampa|spa|2\n|\n|-heal|p1a: Ludicolo|31/100|[from] item: Leftovers\n|-heal|p2a: Drampa|73/100|[from] item: Leftovers\n|upkeep\n|turn|10\n|\n|t:|1790439787\n|switch|p2a: Moltres|Moltres-Galar|100/100\n|move|p1a: Ludicolo|Synthesis|p1a: Ludicolo\n|-heal|p1a: Ludicolo|81/100\n|\n|-heal|p1a: Ludicolo|87/100|[from] item: Leftovers\n|upkeep\n|turn|11\n|\n|t:|1790439792\n|move|p2a: Moltres|Hurricane|p1a: Ludicolo\n|-supereffective|p1a: Ludicolo\n|-damage|p1a: Ludicolo|0 fnt\n|faint|p1a: Ludicolo\n|-damage|p2a: Moltres|91/100|[from] item: Life Orb\n|\n|upkeep\n|\n|t:|1790439803\n|switch|p1a: Cresselia|Cresselia, F|100/100\n|turn|12\n|\n|t:|1790439812\n|move|p2a: Moltres|Dark Pulse|p1a: Cresselia\n|-supereffective|p1a: Cresselia\n|-damage|p1a: Cresselia|38/100\n|-damage|p2a: Moltres|81/100|[from] item: Life Orb\n|move|p1a: Cresselia|Moonblast|p2a: Moltres\n|-supereffective|p2a: Moltres\n|-damage|p2a: Moltres|21/100\n|-unboost|p2a: Moltres|spa|1\n|-ability|p2a: Moltres|Berserk|boost\n|-boost|p2a: Moltres|spa|1\n|-damage|p1a: Cresselia|28/100|[from] item: Life Orb\n|\n|upkeep\n|turn|13\n|\n|t:|1790439822\n|move|p2a: Moltres|Dark Pulse|p1a: Cresselia\n|-supereffective|p1a: Cresselia\n|-damage|p1a: Cresselia|0 fnt\n|faint|p1a: Cresselia\n|-damage|p2a: Moltres|11/100|[from] item: Life Orb\n|\n|upkeep\n|inactive|HITESHISWINNING has 120 seconds left.\n|\n|t:|1790439854\n|switch|p1a: Moltres|Moltres|100/100\n|turn|14\n|\n|t:|1790439861\n|switch|p2a: Drampa|Drampa, F|73/100\n|move|p1a: Moltres|Flamethrower|p2a: Drampa\n|-resisted|p2a: Drampa\n|-damage|p2a: Drampa|44/100\n|-ability|p2a: Drampa|Berserk|boost\n|-boost|p2a: Drampa|spa|1\n|\n|-heal|p2a: Drampa|50/100|[from] item: Leftovers\n|upkeep\n|turn|15\n|\n|t:|1790439878\n|move|p1a: Moltres|Flamethrower|p2a: Drampa\n|-resisted|p2a: Drampa\n|-damage|p2a: Drampa|23/100\n|move|p2a: Drampa|Roost|p2a: Drampa\n|-heal|p2a: Drampa|73/100\n|-singleturn|p2a: Drampa|move: Roost\n|\n|-heal|p2a: Drampa|79/100|[from] item: Leftovers\n|upkeep\n|turn|16\n|\n|t:|1790439883\n|switch|p1a: Stakataka|Stakataka|100/100\n|move|p2a: Drampa|Draco Meteor|p1a: Stakataka|[miss]\n|-miss|p2a: Drampa|p1a: Stakataka\n|\n|-heal|p2a: Drampa|85/100|[from] item: Leftovers\n|upkeep\n|turn|17\n|\n|t:|1790439888\n|switch|p2a: Cresselia|Cresselia, F|100/100\n|move|p1a: Stakataka|Body Press|p2a: Cresselia\n|-resisted|p2a: Cresselia\n|-damage|p2a: Cresselia|87/100\n|\n|upkeep\n|turn|18\n|\n|t:|1790439894\n|move|p1a: Stakataka|Magic Coat|p1a: Stakataka\n|-singleturn|p1a: Stakataka|move: Magic Coat\n|move|p2a: Cresselia|Trick|p1a: Stakataka\n|-activate|p2a: Cresselia|move: Trick|[of] p1a: Stakataka\n|-item|p1a: Stakataka|Choice Scarf|[from] move: Trick\n|-item|p2a: Cresselia|Leftovers|[from] move: Trick\n|\n|-heal|p2a: Cresselia|93/100|[from] item: Leftovers\n|upkeep\n|turn|19\n|\n|t:|1790439909\n|move|p2a: Cresselia|Psychic|p1a: Stakataka\n|-resisted|p1a: Stakataka\n|-damage|p1a: Stakataka|83/100\n|move|p1a: Stakataka|Gyro Ball|p2a: Cresselia\n|-damage|p2a: Cresselia|26/100\n|\n|-heal|p2a: Cresselia|32/100|[from] item: Leftovers\n|upkeep\n|turn|20\n|\n|t:|1790439923\n|switch|p2a: Stakataka|Stakataka|74/100\n|move|p1a: Stakataka|Gyro Ball|p2a: Stakataka\n|-damage|p2a: Stakataka|67/100\n|\n|-heal|p2a: Stakataka|73/100|[from] item: Leftovers\n|upkeep\n|turn|21\n|\n|t:|1790439932\n|switch|p1a: Moltres|Moltres|100/100\n|move|p2a: Stakataka|Stealth Rock|p1a: Moltres\n|-sidestart|p1: HITESHISWINNING|move: Stealth Rock\n|\n|-heal|p2a: Stakataka|79/100|[from] item: Leftovers\n|upkeep\n|turn|22\n|\n|t:|1790439936\n|switch|p2a: Drampa|Drampa, F|85/100\n|move|p1a: Moltres|Scorching Sands|p2a: Drampa\n|-crit|p2a: Drampa\n|-damage|p2a: Drampa|42/100\n|-ability|p2a: Drampa|Berserk|boost\n|-boost|p2a: Drampa|spa|1\n|\n|-heal|p2a: Drampa|48/100|[from] item: Leftovers\n|upkeep\n|turn|23\n|\n|t:|1790439940\n|move|p1a: Moltres|Scorching Sands|p2a: Drampa\n|-damage|p2a: Drampa|19/100\n|move|p2a: Drampa|Roost|p2a: Drampa\n|-heal|p2a: Drampa|69/100\n|-singleturn|p2a: Drampa|move: Roost\n|\n|-heal|p2a: Drampa|75/100|[from] item: Leftovers\n|upkeep\n|turn|24\n|\n|t:|1790439950\n|move|p1a: Moltres|Scorching Sands|p2a: Drampa\n|-crit|p2a: Drampa\n|-damage|p2a: Drampa|30/100\n|-status|p2a: Drampa|brn\n|-ability|p2a: Drampa|Berserk|boost\n|-boost|p2a: Drampa|spa|1\n|move|p2a: Drampa|Draco Meteor|p1a: Moltres\n|-damage|p1a: Moltres|0 fnt\n|-unboost|p2a: Drampa|spa|2\n|faint|p1a: Moltres\n|\n|-heal|p2a: Drampa|37/100 brn|[from] item: Leftovers\n|-damage|p2a: Drampa|30/100 brn|[from] brn\n|upkeep\n|\n|t:|1790439972\n|switch|p1a: Drampa|Drampa, M|100/100\n|-damage|p1a: Drampa|88/100|[from] Stealth Rock\n|turn|25\n|\n|t:|1790439979\n|switch|p2a: Ludicolo|Ludicolo, F|100/100\n|move|p1a: Drampa|Flamethrower|p2a: Ludicolo\n|-damage|p2a: Ludicolo|62/100\n|\n|-heal|p1a: Drampa|94/100|[from] item: Leftovers\n|upkeep\n|turn|26\n|\n|t:|1790439982\n|move|p2a: Ludicolo|Ice Beam|p1a: Drampa\n|-supereffective|p1a: Drampa\n|-damage|p1a: Drampa|19/100\n|-damage|p2a: Ludicolo|52/100|[from] item: Life Orb\n|move|p1a: Drampa|Energy Ball|p2a: Ludicolo\n|-damage|p2a: Ludicolo|15/100\n|\n|-heal|p1a: Drampa|25/100|[from] item: Leftovers\n|upkeep\n|turn|27\n|\n|t:|1790439992\n|switch|p1a: Stakataka|Stakataka|83/100\n|-damage|p1a: Stakataka|77/100|[from] Stealth Rock\n|move|p2a: Ludicolo|Ice Beam|p1a: Stakataka\n|-resisted|p1a: Stakataka\n|-damage|p1a: Stakataka|61/100\n|-status|p1a: Stakataka|frz\n|-damage|p2a: Ludicolo|5/100|[from] item: Life Orb\n|\n|upkeep\n|turn|28\n|-message|HITESHISWINNING forfeited.\n|\n|win|GavilarKholin\n|n|\u2606HITESHISWINNING|hiteshiswinning\n|n|\u2606GavilarKholin|gavilarkholin\n|n|*Lady Monita |ladymonita\n", "uploadtime": 1790440002, "views": "0", "formatid": "gen8ou", "rating": null, "private": 0, "password": null}