{"id": "gen8ou-2688754097", "format": "[Gen 8] OU", "players": ["HawlingtonEveryone", "Comet1"], "log": "|j|\u2606HawlingtonEveryone\n|j|\u2606Comet1\n|t:|1790529066\n|gametype|singles\n|player|p1|HawlingtonEveryone|bugcatcher-gen4dp|1154\n|player|p2|Comet1|170|1000\n|gen|8\n|tier|[Gen 8] OU\n|rated|\n|rule|HP Percentage Mod: HP is shown in percentages\n|rule|Endless Battle Clause: Forcing endless battles is banned\n|rule|Sleep Clause Mod: Limit one foe put to sleep\n|rule|Species Clause: Limit one of each Pok\u00e9mon\n|rule|OHKO Clause: OHKO moves are banned\n|rule|Evasion Items Clause: Evasion items are banned\n|rule|Evasion Moves Clause: Evasion moves are banned\n|rule|Dynamax Clause: You cannot dynamax\n|clearpoke\n|poke|p1|Pelipper, M|\n|poke|p1|Barraskewda, M|\n|poke|p1|Zapdos|\n|poke|p1|Omastar, F|\n|poke|p1|Starmie|\n|poke|p1|Garchomp, F|\n|poke|p2|Kingdra, M|\n|poke|p2|Pelipper, M|\n|poke|p2|Ferrothorn, F|\n|poke|p2|Barraskewda, M|\n|poke|p2|Hydreigon, M|\n|poke|p2|Machamp, M|\n|teampreview\n|inactive|Battle timer is ON: inactive players will automatically lose when time's up. (requested by HawlingtonEveryone)\n|\n|t:|1790529085\n|teamsize|p1|6\n|teamsize|p2|6\n|start\n|switch|p1a: Zapdos|Zapdos|100/100\n|switch|p2a: Ferrothorn|Ferrothorn, F|100/100\n|turn|1\n|\n|t:|1790529098\n|move|p1a: Zapdos|Hurricane|p2a: Ferrothorn\n|-damage|p2a: Ferrothorn|66/100\n|-start|p2a: Ferrothorn|confusion\n|-activate|p2a: Ferrothorn|confusion\n|move|p2a: Ferrothorn|Spikes|p1a: Zapdos\n|-sidestart|p1: HawlingtonEveryone|Spikes\n|\n|-heal|p2a: Ferrothorn|73/100|[from] item: Leftovers\n|upkeep\n|turn|2\n|\n|t:|1790529107\n|switch|p1a: Garchomp|Garchomp, F|100/100\n|-damage|p1a: Garchomp|88/100|[from] Spikes\n|-activate|p2a: Ferrothorn|confusion\n|move|p2a: Ferrothorn|Leech Seed|p1a: Garchomp\n|-start|p1a: Garchomp|move: Leech Seed\n|\n|-heal|p1a: Garchomp|94/100|[from] item: Leftovers\n|-heal|p2a: Ferrothorn|79/100|[from] item: Leftovers\n|-damage|p1a: Garchomp|82/100|[from] Leech Seed|[of] p2a: Ferrothorn\n|-heal|p2a: Ferrothorn|94/100|[silent]\n|upkeep\n|turn|3\n|\n|t:|1790529124\n|switch|p2a: Hydreigon|Hydreigon, M|100/100\n|move|p1a: Garchomp|Stealth Rock|p2a: Hydreigon\n|-sidestart|p2: Comet1|move: Stealth Rock\n|\n|-heal|p1a: Garchomp|88/100|[from] item: Leftovers\n|-damage|p1a: Garchomp|76/100|[from] Leech Seed|[of] p2a: Hydreigon\n|upkeep\n|turn|4\n|\n|t:|1790529133\n|switch|p1a: Pelipper|Pelipper, M|100/100\n|-weather|RainDance|[from] ability: Drizzle|[of] p1a: Pelipper\n|move|p2a: Hydreigon|Draco Meteor|p1a: Pelipper\n|-damage|p1a: Pelipper|0 fnt\n|-unboost|p2a: Hydreigon|spa|2\n|faint|p1a: Pelipper\n|\n|-weather|RainDance|[upkeep]\n|upkeep\n|\n|t:|1790529139\n|switch|p1a: Barraskewda|Barraskewda, M|100/100\n|-damage|p1a: Barraskewda|88/100|[from] Spikes\n|turn|5\n|\n|t:|1790529148\n|switch|p2a: Ferrothorn|Ferrothorn, F|94/100\n|-damage|p2a: Ferrothorn|87/100|[from] Stealth Rock\n|move|p1a: Barraskewda|Close Combat|p2a: Ferrothorn\n|-supereffective|p2a: Ferrothorn\n|-damage|p2a: Ferrothorn|0 fnt\n|-unboost|p1a: Barraskewda|def|1\n|-unboost|p1a: Barraskewda|spd|1\n|-damage|p1a: Barraskewda|76/100|[from] ability: Iron Barbs|[of] p2a: Ferrothorn\n|faint|p2a: Ferrothorn\n|\n|-weather|RainDance|[upkeep]\n|upkeep\n|\n|t:|1790529169\n|switch|p2a: Barraskewda|Barraskewda, M|100/100\n|-damage|p2a: Barraskewda|88/100|[from] Stealth Rock\n|turn|6\n|\n|t:|1790529179\n|move|p2a: Barraskewda|Close Combat|p1a: Barraskewda\n|-damage|p1a: Barraskewda|0 fnt\n|-unboost|p2a: Barraskewda|def|1\n|-unboost|p2a: Barraskewda|spd|1\n|faint|p1a: Barraskewda\n|\n|-weather|RainDance|[upkeep]\n|upkeep\n|\n|t:|1790529182\n|switch|p1a: Starmie|Starmie|100/100\n|-damage|p1a: Starmie|88/100|[from] Spikes\n|turn|7\n|\n|t:|1790529190\n|move|p2a: Barraskewda|Close Combat|p1a: Starmie\n|-resisted|p1a: Starmie\n|-damage|p1a: Starmie|41/100\n|-unboost|p2a: Barraskewda|def|1\n|-unboost|p2a: Barraskewda|spd|1\n|move|p1a: Starmie|Rapid Spin|p2a: Barraskewda\n|-damage|p2a: Barraskewda|44/100\n|-boost|p1a: Starmie|spe|1\n|-sideend|p1: HawlingtonEveryone|Spikes|[from] move: Rapid Spin|[of] p1a: Starmie\n|-damage|p1a: Starmie|31/100|[from] item: Life Orb\n|\n|-weather|RainDance|[upkeep]\n|upkeep\n|turn|8\n|\n|t:|1790529204\n|switch|p2a: Pelipper|Pelipper, M|100/100\n|-damage|p2a: Pelipper|76/100|[from] Stealth Rock\n|switch|p1a: Zapdos|Zapdos|100/100\n|\n|-weather|RainDance|[upkeep]\n|upkeep\n|turn|9\n|\n|t:|1790529217\n|switch|p2a: Machamp|Machamp, M|100/100\n|-damage|p2a: Machamp|94/100|[from] Stealth Rock\n|move|p1a: Zapdos|Thunder|p2a: Machamp\n|-damage|p2a: Machamp|29/100\n|-status|p2a: Machamp|par\n|\n|-weather|RainDance|[upkeep]\n|upkeep\n|turn|10\n|\n|t:|1790529228\n|move|p2a: Machamp|Bullet Punch|p1a: Zapdos\n|-resisted|p1a: Zapdos\n|-damage|p1a: Zapdos|86/100\n|move|p1a: Zapdos|Hurricane|p2a: Machamp\n|-supereffective|p2a: Machamp\n|-damage|p2a: Machamp|0 fnt\n|faint|p2a: Machamp\n|\n|-weather|RainDance|[upkeep]\n|upkeep\n|\n|t:|1790529240\n|switch|p2a: Barraskewda|Barraskewda, M|44/100\n|-damage|p2a: Barraskewda|32/100|[from] Stealth Rock\n|turn|11\n|\n|t:|1790529247\n|switch|p1a: Starmie|Starmie|31/100\n|move|p2a: Barraskewda|Liquidation|p1a: Starmie\n|-resisted|p1a: Starmie\n|-damage|p1a: Starmie|0 fnt\n|faint|p1a: Starmie\n|\n|-weather|none\n|upkeep\n|\n|t:|1790529252\n|switch|p1a: Omastar|Omastar, F|100/100\n|turn|12\n|\n|t:|1790529262\n|move|p2a: Barraskewda|Liquidation|p1a: Omastar\n|-damage|p1a: Omastar|34/100\n|move|p1a: Omastar|Shell Smash|p1a: Omastar\n|-unboost|p1a: Omastar|def|1\n|-unboost|p1a: Omastar|spd|1\n|-boost|p1a: Omastar|atk|2\n|-boost|p1a: Omastar|spa|2\n|-boost|p1a: Omastar|spe|2\n|\n|upkeep\n|turn|13\n|\n|t:|1790529272\n|switch|p2a: Pelipper|Pelipper, M|76/100\n|-damage|p2a: Pelipper|51/100|[from] Stealth Rock\n|-weather|RainDance|[from] ability: Drizzle|[of] p2a: Pelipper\n|move|p1a: Omastar|Earth Power|p2a: Pelipper\n|-immune|p2a: Pelipper\n|\n|-weather|RainDance|[upkeep]\n|upkeep\n|turn|14\n|\n|t:|1790529286\n|move|p1a: Omastar|Hydro Pump|p2a: Pelipper\n|-resisted|p2a: Pelipper\n|-damage|p2a: Pelipper|0 fnt\n|faint|p2a: Pelipper\n|\n|-weather|RainDance|[upkeep]\n|upkeep\n|\n|t:|1790529296\n|switch|p2a: Barraskewda|Barraskewda, M|32/100\n|-damage|p2a: Barraskewda|19/100|[from] Stealth Rock\n|turn|15\n|\n|t:|1790529303\n|move|p1a: Omastar|Earth Power|p2a: Barraskewda\n|-damage|p2a: Barraskewda|0 fnt\n|faint|p2a: Barraskewda\n|\n|-weather|RainDance|[upkeep]\n|upkeep\n|\n|t:|1790529310\n|switch|p2a: Hydreigon|Hydreigon, M|100/100\n|-damage|p2a: Hydreigon|88/100|[from] Stealth Rock\n|turn|16\n|\n|t:|1790529316\n|move|p1a: Omastar|Ice Beam|p2a: Hydreigon\n|-supereffective|p2a: Hydreigon\n|-damage|p2a: Hydreigon|0 fnt\n|faint|p2a: Hydreigon\n|\n|-weather|RainDance|[upkeep]\n|upkeep\n|\n|t:|1790529322\n|switch|p2a: Kingdra|Kingdra, M|100/100\n|-damage|p2a: Kingdra|88/100|[from] Stealth Rock\n|turn|17\n|\n|t:|1790529334\n|move|p1a: Omastar|Ice Beam|p2a: Kingdra\n|-damage|p2a: Kingdra|8/100\n|move|p2a: Kingdra|Draco Meteor|p1a: Omastar\n|-damage|p1a: Omastar|0 fnt\n|-unboost|p2a: Kingdra|spa|2\n|faint|p1a: Omastar\n|\n|-weather|RainDance|[upkeep]\n|upkeep\n|\n|t:|1790529339\n|switch|p1a: Zapdos|Zapdos|86/100\n|turn|18\n|\n|t:|1790529344\n|move|p2a: Kingdra|Draco Meteor|p1a: Zapdos\n|-damage|p1a: Zapdos|37/100\n|-unboost|p2a: Kingdra|spa|2\n|move|p1a: Zapdos|Hurricane|p2a: Kingdra\n|-damage|p2a: Kingdra|0 fnt\n|faint|p2a: Kingdra\n|\n|win|HawlingtonEveryone\n|raw|HawlingtonEveryone's rating: 1154 &rarr; <strong>1169</strong><br />(+15 for winning)\n|raw|Comet1's rating: 1000 &rarr; <strong>1000</strong><br />(+0 for losing)\n", "uploadtime": 1790529350, "views": "10", "formatid": "gen8ou", "rating": 1000, "private": 0, "password": null}