{"id": "gen8ou-2692368857", "format": "[Gen 8] OU", "players": ["Dugtrio Is Broken", "robssss"], "log": "|j|\u2606Dugtrio Is Broken\n|j|\u2606robssss\n|inactive|Battle timer is ON: inactive players will automatically lose when time's up.\n|t:|1791063794\n|gametype|singles\n|player|p1|Dugtrio Is Broken|#splxviicryonicles2|\n|player|p2|robssss|shadowtriad|\n|gen|8\n|tier|[Gen 8] OU\n|rated|Tournament battle\n|rule|HP Percentage Mod: HP is shown in percentages\n|rule|Endless Battle Clause: Forcing endless battles is banned\n|rule|Sleep Clause Mod: Limit one foe put to sleep\n|rule|Species Clause: Limit one of each Pok\u00e9mon\n|rule|OHKO Clause: OHKO moves are banned\n|rule|Evasion Items Clause: Evasion items are banned\n|rule|Evasion Moves Clause: Evasion moves are banned\n|rule|Dynamax Clause: You cannot dynamax\n|clearpoke\n|poke|p1|Landorus-Therian, M|\n|poke|p1|Weavile, M|\n|poke|p1|Ferrothorn, M|\n|poke|p1|Zapdos|\n|poke|p1|Urshifu-*, M|\n|poke|p1|Volcarona, M|\n|poke|p2|Tapu Koko|\n|poke|p2|Urshifu-*, F|\n|poke|p2|Dragonite, F|\n|poke|p2|Clefable, M|\n|poke|p2|Ferrothorn, M|\n|poke|p2|Landorus-Therian, M|\n|teampreview\n|inactive|Dugtrio Is Broken also wants the timer to be on.\n|j| SouCarlos\n|j|+Mattz_\n|inactive|robssss has 120 seconds left.\n|\n|t:|1791063825\n|teamsize|p1|6\n|teamsize|p2|6\n|start\n|switch|p1a: Zapdos|Zapdos, shiny|100/100\n|switch|p2a: Sayonara Bystander|Landorus-Therian, M|100/100\n|-ability|p2a: Sayonara Bystander|Intimidate|boost\n|-unboost|p1a: Zapdos|atk|1\n|turn|1\n|\n|t:|1791063844\n|move|p1a: Zapdos|Hurricane|p2a: Sayonara Bystander|[miss]\n|-miss|p1a: Zapdos|p2a: Sayonara Bystander\n|move|p2a: Sayonara Bystander|U-turn|p1a: Zapdos\n|-resisted|p1a: Zapdos\n|-damage|p1a: Zapdos|87/100\n|j|^talveznao\n|\n|t:|1791063856\n|switch|p2a: I Am Standing|Dragonite, F|100/100|[from] U-turn\n|\n|upkeep\n|turn|2\n|j|+golpista\n|j| gvasco\n|inactive|robssss has 120 seconds left.\n|\n|t:|1791063898\n|switch|p2a: Answer|Tapu Koko|100/100\n|-fieldstart|move: Electric Terrain|[from] ability: Electric Surge|[of] p2a: Answer\n|move|p1a: Zapdos|Hurricane|p2a: Answer\n|-resisted|p2a: Answer\n|-damage|p2a: Answer|38/100\n|-start|p2a: Answer|confusion\n|\n|upkeep\n|turn|3\n|\n|t:|1791063911\n|-activate|p2a: Answer|confusion\n|move|p2a: Answer|Volt Switch|p1a: Zapdos\n|-damage|p1a: Zapdos|43/100\n|\n|t:|1791063936\n|switch|p2a: I Am Standing|Dragonite, F|100/100|[from] Volt Switch\n|move|p1a: Zapdos|Hurricane|p2a: I Am Standing\n|-damage|p2a: I Am Standing|70/100\n|-start|p2a: I Am Standing|confusion\n|\n|upkeep\n|turn|4\n|\n|t:|1791063938\n|move|p1a: Zapdos|Hurricane|p2a: I Am Standing|[miss]\n|-miss|p1a: Zapdos|p2a: I Am Standing\n|-activate|p2a: I Am Standing|confusion\n|-damage|p2a: I Am Standing|58/100|[from] confusion\n|\n|upkeep\n|turn|5\n|j| lctrem\n|\n|t:|1791063942\n|move|p1a: Zapdos|Hurricane|p2a: I Am Standing\n|-damage|p2a: I Am Standing|0 fnt\n|faint|p2a: I Am Standing\n|\n|upkeep\n|j| anos luz\n|c| lctrem|bora bob\n|\n|t:|1791063957\n|switch|p2a: Sayonara Bystander|Landorus-Therian, M|100/100\n|-ability|p2a: Sayonara Bystander|Intimidate|boost\n|-unboost|p1a: Zapdos|atk|1\n|turn|6\n|\n|t:|1791063961\n|move|p1a: Zapdos|Hurricane|p2a: Sayonara Bystander\n|-damage|p2a: Sayonara Bystander|19/100\n|move|p2a: Sayonara Bystander|Knock Off|p1a: Zapdos\n|-damage|p1a: Zapdos|7/100\n|-enditem|p1a: Zapdos|Choice Specs|[from] move: Knock Off|[of] p2a: Sayonara Bystander\n|\n|-heal|p2a: Sayonara Bystander|25/100|[from] item: Leftovers\n|-fieldend|move: Electric Terrain\n|upkeep\n|turn|7\n|c|\u2606robssss|bora nada\n|\n|t:|1791063967\n|move|p1a: Zapdos|Heat Wave|p2a: Sayonara Bystander\n|-damage|p2a: Sayonara Bystander|0 fnt\n|faint|p2a: Sayonara Bystander\n|\n|upkeep\n|\n|t:|1791063971\n|switch|p2a: Answer|Tapu Koko|38/100\n|-fieldstart|move: Electric Terrain|[from] ability: Electric Surge|[of] p2a: Answer\n|turn|8\n|\n|t:|1791063975\n|move|p2a: Answer|Roost|p2a: Answer\n|-heal|p2a: Answer|88/100\n|-singleturn|p2a: Answer|move: Roost\n|move|p1a: Zapdos|Volt Switch|p2a: Answer\n|-resisted|p2a: Answer\n|-damage|p2a: Answer|59/100\n|\n|t:|1791063983\n|switch|p1a: Landorus|Landorus-Therian, M, shiny|100/100|[from] Volt Switch\n|-ability|p1a: Landorus|Intimidate|boost\n|-unboost|p2a: Answer|atk|1\n|\n|upkeep\n|turn|9\n|c| lctrem|ta tremendo cara?\n|\n|t:|1791063990\n|switch|p2a: Flag wo Tatero|Ferrothorn, M|100/100\n|move|p1a: Landorus|Earthquake|p2a: Flag wo Tatero\n|-damage|p2a: Flag wo Tatero|69/100\n|\n|-heal|p2a: Flag wo Tatero|75/100|[from] item: Leftovers\n|upkeep\n|turn|10\n|c|\u2606robssss|tremendo nao\n|c|\u2606robssss|\u00e9 pq o zapdos ja me comeu\n|\n|t:|1791064008\n|switch|p1a: Zapdos|Zapdos, shiny|7/100\n|move|p2a: Flag wo Tatero|Leech Seed|p1a: Zapdos\n|-start|p1a: Zapdos|move: Leech Seed\n|\n|-heal|p2a: Flag wo Tatero|81/100|[from] item: Leftovers\n|-damage|p1a: Zapdos|0 fnt|[from] Leech Seed|[of] p2a: Flag wo Tatero\n|-heal|p2a: Flag wo Tatero|87/100|[silent]\n|faint|p1a: Zapdos\n|upkeep\n|j| bigolas222\n|\n|t:|1791064011\n|switch|p1a: Volcarona|Volcarona, M, shiny|100/100\n|turn|11\n|l| anos luz\n|c| lctrem|o\n|c| lctrem|acabou\n|j| AmoMeuPaieMinhaMae\n|\n|t:|1791064035\n|switch|p2a: Orion|Clefable, M|100/100\n|move|p1a: Volcarona|Quiver Dance|p1a: Volcarona\n|-boost|p1a: Volcarona|spa|1\n|-boost|p1a: Volcarona|spd|1\n|-boost|p1a: Volcarona|spe|1\n|\n|upkeep\n|turn|12\n|l| AmoMeuPaieMinhaMae\n|\n|t:|1791064052\n|move|p1a: Volcarona|Quiver Dance|p1a: Volcarona\n|-boost|p1a: Volcarona|spa|1\n|-boost|p1a: Volcarona|spd|1\n|-boost|p1a: Volcarona|spe|1\n|move|p2a: Orion|Thunder Wave|p1a: Volcarona\n|-status|p1a: Volcarona|par\n|\n|-fieldend|move: Electric Terrain\n|upkeep\n|turn|13\n|j|+notlena\n|\n|t:|1791064067\n|switch|p2a: Fighter|Urshifu-Rapid-Strike, F|100/100\n|move|p1a: Volcarona|Quiver Dance|p1a: Volcarona\n|-boost|p1a: Volcarona|spa|1\n|-boost|p1a: Volcarona|spd|1\n|-boost|p1a: Volcarona|spe|1\n|\n|upkeep\n|turn|14\n|\n|t:|1791064069\n|cant|p1a: Volcarona|par\n|move|p2a: Fighter|Surging Strikes|p1a: Volcarona\n|-supereffective|p1a: Volcarona\n|-crit|p1a: Volcarona\n|-damage|p1a: Volcarona|35/100 par\n|-supereffective|p1a: Volcarona\n|-crit|p1a: Volcarona\n|-damage|p1a: Volcarona|0 fnt\n|faint|p1a: Volcarona\n|-hitcount|p1: Volcarona|2\n|\n|upkeep\n|j| Cataclyismo\n|l| Cataclyismo\n|c|\u2606Dugtrio Is Broken|fudeu\n|j| butterfly in bloom\n|c| lctrem|vai bob\n|inactive|Dugtrio Is Broken has 120 seconds left.\n|j| doso749\n|c| doso749|pqp\n|\n|t:|1791064113\n|switch|p1a: Weavile|Weavile, M, shiny|100/100\n|-ability|p1a: Weavile|Pressure\n|turn|15\n|c| butterfly in bloom|dosoooooo\n|c|\u2606Dugtrio Is Broken|!showset volcarona\n|c| Dugtrio Is Broken|/raw <div class=\"infobox\">Volcarona (M) @ Heavy-Duty Boots  <br />Ability: Flame Body  <br />Shiny: Yes  <br />EVs: 252 SpA &#x2f; 4 SpD &#x2f; 252 Spe  <br />Timid Nature  <br />IVs: 0 Atk  <br />- Quiver Dance  <br />- Flamethrower  <br />- Psychic  <br />- Bug Buzz  <br /><br /></div>\n|c| lctrem|x1 epico doso\n|c| doso749|cade a call pra auc tropa\n|c| doso749|?\n|inactive|robssss has 120 seconds left.\n|j| lealleallegal\n|\n|t:|1791064148\n|switch|p2a: Orion|Clefable, M|100/100\n|move|p1a: Weavile|Knock Off|p2a: Orion\n|-resisted|p2a: Orion\n|-damage|p2a: Orion|74/100\n|-enditem|p2a: Orion|Leftovers|[from] move: Knock Off|[of] p1a: Weavile\n|-damage|p1a: Weavile|91/100|[from] item: Life Orb\n|\n|upkeep\n|turn|16\n|c| lealleallegal|oupl?\n|inactive|Dugtrio Is Broken has 120 seconds left.\n|c|\u2606robssss|melhor lealleallegal\n|\n|t:|1791064173\n|move|p1a: Weavile|Triple Axel|p2a: Orion|[miss]\n|-miss|p1a: Weavile|p2a: Orion\n|move|p2a: Orion|Thunder Wave|p1a: Weavile\n|-status|p1a: Weavile|par\n|\n|upkeep\n|turn|17\n|\n|t:|1791064179\n|move|p1a: Weavile|Triple Axel|p2a: Orion\n|-damage|p2a: Orion|63/100\n|-damage|p2a: Orion|39/100\n|-damage|p2a: Orion|6/100\n|-hitcount|p2a: Orion|3\n|-damage|p1a: Weavile|81/100 par|[from] item: Life Orb\n|move|p2a: Orion|Moonblast|p1a: Weavile\n|-supereffective|p1a: Weavile\n|-damage|p1a: Weavile|0 fnt\n|faint|p1a: Weavile\n|\n|upkeep\n|c| lctrem|sim leal\n|\n|t:|1791064182\n|switch|p1a: Urshifu|Urshifu-Rapid-Strike, M|100/100\n|turn|18\n|\n|t:|1791064190\n|move|p1a: Urshifu|Close Combat|p2a: Orion\n|-resisted|p2a: Orion\n|-damage|p2a: Orion|0 fnt\n|-unboost|p1a: Urshifu|def|1\n|-unboost|p1a: Urshifu|spd|1\n|faint|p2a: Orion\n|\n|upkeep\n|\n|t:|1791064195\n|switch|p2a: Answer|Tapu Koko|59/100\n|-fieldstart|move: Electric Terrain|[from] ability: Electric Surge|[of] p2a: Answer\n|turn|19\n|j| GRENINJA_mdm\n|\n|t:|1791064201\n|switch|p1a: Landorus|Landorus-Therian, M, shiny|100/100\n|-ability|p1a: Landorus|Intimidate|boost\n|-unboost|p2a: Answer|atk|1\n|move|p2a: Answer|Dazzling Gleam|p1a: Landorus\n|-damage|p1a: Landorus|72/100\n|\n|-heal|p1a: Landorus|78/100|[from] item: Leftovers\n|upkeep\n|turn|20\n|\n|t:|1791064210\n|switch|p2a: Flag wo Tatero|Ferrothorn, M|87/100\n|move|p1a: Landorus|Earthquake|p2a: Flag wo Tatero\n|-damage|p2a: Flag wo Tatero|55/100\n|\n|-heal|p1a: Landorus|84/100|[from] item: Leftovers\n|-heal|p2a: Flag wo Tatero|62/100|[from] item: Leftovers\n|upkeep\n|turn|21\n|\n|t:|1791064215\n|move|p1a: Landorus|Earthquake|p2a: Flag wo Tatero\n|-damage|p2a: Flag wo Tatero|31/100\n|move|p2a: Flag wo Tatero|Leech Seed|p1a: Landorus\n|-start|p1a: Landorus|move: Leech Seed\n|\n|-heal|p1a: Landorus|90/100|[from] item: Leftovers\n|-heal|p2a: Flag wo Tatero|38/100|[from] item: Leftovers\n|-damage|p1a: Landorus|78/100|[from] Leech Seed|[of] p2a: Flag wo Tatero\n|-heal|p2a: Flag wo Tatero|51/100|[silent]\n|upkeep\n|turn|22\n|\n|t:|1791064221\n|switch|p1a: Ferrothorn|Ferrothorn, M, shiny|100/100\n|move|p2a: Flag wo Tatero|Knock Off|p1a: Ferrothorn\n|-damage|p1a: Ferrothorn|89/100\n|-damage|p2a: Flag wo Tatero|39/100|[from] ability: Iron Barbs|[of] p1a: Ferrothorn\n|-enditem|p1a: Ferrothorn|Leftovers|[from] move: Knock Off|[of] p2a: Flag wo Tatero\n|\n|-heal|p2a: Flag wo Tatero|45/100|[from] item: Leftovers\n|upkeep\n|turn|23\n|\n|t:|1791064233\n|move|p2a: Flag wo Tatero|Spikes|p1a: Ferrothorn\n|-sidestart|p1: Dugtrio Is Broken|Spikes\n|move|p1a: Ferrothorn|Iron Defense|p1a: Ferrothorn\n|-boost|p1a: Ferrothorn|def|2\n|\n|-heal|p2a: Flag wo Tatero|51/100|[from] item: Leftovers\n|-fieldend|move: Electric Terrain\n|upkeep\n|turn|24\n|\n|t:|1791064239\n|switch|p2a: Fighter|Urshifu-Rapid-Strike, F|100/100\n|move|p1a: Ferrothorn|Iron Defense|p1a: Ferrothorn\n|-boost|p1a: Ferrothorn|def|2\n|\n|upkeep\n|turn|25\n|\n|t:|1791064245\n|move|p2a: Fighter|Close Combat|p1a: Ferrothorn\n|-supereffective|p1a: Ferrothorn\n|-damage|p1a: Ferrothorn|63/100\n|-unboost|p2a: Fighter|def|1\n|-unboost|p2a: Fighter|spd|1\n|-activate|p1a: Ferrothorn|ability: Iron Barbs\n|-activate|p2a: Fighter|item: Protective Pads\n|move|p1a: Ferrothorn|Body Press|p2a: Fighter\n|-damage|p2a: Fighter|0 fnt\n|faint|p2a: Fighter\n|\n|upkeep\n|\n|t:|1791064249\n|switch|p2a: Answer|Tapu Koko|59/100\n|-fieldstart|move: Electric Terrain|[from] ability: Electric Surge|[of] p2a: Answer\n|turn|26\n|\n|t:|1791064252\n|move|p2a: Answer|Nature's Madness|p1a: Ferrothorn|[miss]\n|-miss|p2a: Answer|p1a: Ferrothorn\n|move|p1a: Ferrothorn|Body Press|p2a: Answer\n|-resisted|p2a: Answer\n|-damage|p2a: Answer|0 fnt\n|faint|p2a: Answer\n|\n|upkeep\n|\n|t:|1791064255\n|switch|p2a: Flag wo Tatero|Ferrothorn, M|51/100\n|turn|27\n|c| lctrem|e bob acabou\n|c|\u2606robssss|gg\n|c|\u2606Dugtrio Is Broken|Gg\n|\n|t:|1791064260\n|move|p2a: Flag wo Tatero|Knock Off|p1a: Ferrothorn\n|-damage|p1a: Ferrothorn|60/100\n|-damage|p2a: Flag wo Tatero|39/100|[from] ability: Iron Barbs|[of] p1a: Ferrothorn\n|move|p1a: Ferrothorn|Body Press|p2a: Flag wo Tatero\n|-supereffective|p2a: Flag wo Tatero\n|-damage|p2a: Flag wo Tatero|0 fnt\n|-damage|p1a: Ferrothorn|48/100|[from] ability: Iron Barbs|[of] p2a: Flag wo Tatero\n|faint|p2a: Flag wo Tatero\n|\n|win|Dugtrio Is Broken\n|n|\u2606Dugtrio Is Broken|dugtrioisbroken\n|n|\u2606robssss|robssss\n|n| SouCarlos|soucarlos\n|n| Mattz_|mattz\n|n| talveznao|talveznao\n|n| golpista|golpista\n|n| gvasco|gvasco\n|n| lctrem|lctrem\n|n| bigolas222|bigolas222\n|n| notlena|notlena\n|n| butterfly in bloom|butterflyinbloom\n|n| doso749|doso749\n|n| lealleallegal|lealleallegal\n|n| GRENINJA_mdm|greninjamdm\n|l| Mattz_\n|l| lctrem\n|l| gvasco\n|l| doso749\n", "uploadtime": 1791064260, "views": "6", "formatid": "gen8ou", "rating": null, "private": 0, "password": null}