{"id": "gen8ou-2687871278", "format": "[Gen 8] OU", "players": ["Quaqrash", "explosive device"], "log": "|j|\u2606Quaqrash\n|j|\u2606explosive device\n|t:|1790369530\n|gametype|singles\n|player|p1|Quaqrash|1|\n|player|p2|explosive device|delinquentf2-gen9|\n|gen|8\n|tier|[Gen 8] OU\n|rule|HP Percentage Mod: HP is shown in percentages\n|rule|Endless Battle Clause: Forcing endless battles is banned\n|rule|Sleep Clause Mod: Limit one foe put to sleep\n|rule|Species Clause: Limit one of each Pok\u00e9mon\n|rule|OHKO Clause: OHKO moves are banned\n|rule|Evasion Items Clause: Evasion items are banned\n|rule|Evasion Moves Clause: Evasion moves are banned\n|rule|Dynamax Clause: You cannot dynamax\n|clearpoke\n|poke|p1|Latios, M|\n|poke|p1|Toxapex, M|\n|poke|p1|Tapu Bulu|\n|poke|p1|Zapdos|\n|poke|p1|Excadrill, M|\n|poke|p1|Weavile, M|\n|poke|p2|Crawdaunt, F|\n|poke|p2|Volcarona, M|\n|poke|p2|Weavile, M|\n|poke|p2|Cloyster, M|\n|poke|p2|Ninetales-Alola, M|\n|poke|p2|Moltres-Galar|\n|teampreview\n|inactive|Battle timer is ON: inactive players will automatically lose when time's up. (requested by explosive device)\n|c|\u2606explosive device|hf\n|c|\u2606Quaqrash|You too\n|inactive|Quaqrash has 270 seconds left.\n|\n|t:|1790369572\n|teamsize|p1|6\n|teamsize|p2|6\n|start\n|switch|p1a: Toxapex|Toxapex, M|100/100\n|switch|p2a: SUBSIDIZED GAMBLER|Weavile, M|100/100\n|-ability|p2a: SUBSIDIZED GAMBLER|Pressure\n|turn|1\n|\n|t:|1790369586\n|move|p2a: SUBSIDIZED GAMBLER|Knock Off|p1a: Toxapex\n|-damage|p1a: Toxapex|52/100\n|-enditem|p1a: Toxapex|Shed Shell|[from] move: Knock Off|[of] p2a: SUBSIDIZED GAMBLER\n|-damage|p2a: SUBSIDIZED GAMBLER|91/100|[from] item: Life Orb\n|move|p1a: Toxapex|Scald|p2a: SUBSIDIZED GAMBLER\n|-damage|p2a: SUBSIDIZED GAMBLER|70/100\n|\n|upkeep\n|turn|2\n|\n|t:|1790369596\n|switch|p2a: 6GIRLSONMYLINE|Crawdaunt, F|100/100\n|move|p1a: Toxapex|Recover|p1a: Toxapex\n|-heal|p1a: Toxapex|100/100\n|\n|upkeep\n|turn|3\n|\n|t:|1790369599\n|move|p2a: 6GIRLSONMYLINE|Swords Dance|p2a: 6GIRLSONMYLINE\n|-boost|p2a: 6GIRLSONMYLINE|atk|2\n|move|p1a: Toxapex|Toxic|p2a: 6GIRLSONMYLINE\n|-status|p2a: 6GIRLSONMYLINE|tox\n|\n|-damage|p2a: 6GIRLSONMYLINE|95/100 tox|[from] psn\n|upkeep\n|turn|4\n|\n|t:|1790369603\n|move|p2a: 6GIRLSONMYLINE|Knock Off|p1a: Toxapex\n|-damage|p1a: Toxapex|14/100\n|-damage|p2a: 6GIRLSONMYLINE|85/100 tox|[from] item: Life Orb\n|move|p1a: Toxapex|Haze|p1a: Toxapex\n|-clearallboost\n|\n|-damage|p2a: 6GIRLSONMYLINE|73/100 tox|[from] psn\n|upkeep\n|turn|5\n|\n|t:|1790369617\n|switch|p1a: Tapu Bulu|Tapu Bulu|100/100\n|-fieldstart|move: Grassy Terrain|[from] ability: Grassy Surge|[of] p1a: Tapu Bulu\n|move|p2a: 6GIRLSONMYLINE|Knock Off|p1a: Tapu Bulu\n|-resisted|p1a: Tapu Bulu\n|-damage|p1a: Tapu Bulu|52/100\n|-enditem|p1a: Tapu Bulu|Life Orb|[from] move: Knock Off|[of] p2a: 6GIRLSONMYLINE\n|-damage|p2a: 6GIRLSONMYLINE|63/100 tox|[from] item: Life Orb\n|\n|-heal|p1a: Tapu Bulu|59/100|[from] Grassy Terrain\n|-heal|p2a: 6GIRLSONMYLINE|69/100 tox|[from] Grassy Terrain\n|-damage|p2a: 6GIRLSONMYLINE|51/100 tox|[from] psn\n|upkeep\n|turn|6\n|\n|t:|1790369632\n|switch|p2a: 40NMYWRIST|Ninetales-Alola, M|100/100\n|-weather|Hail|[from] ability: Snow Warning|[of] p2a: 40NMYWRIST\n|move|p1a: Tapu Bulu|Stone Edge|p2a: 40NMYWRIST\n|-supereffective|p2a: 40NMYWRIST\n|-damage|p2a: 40NMYWRIST|12/100\n|\n|-weather|Hail|[upkeep]\n|-damage|p1a: Tapu Bulu|52/100|[from] Hail\n|-heal|p2a: 40NMYWRIST|18/100|[from] Grassy Terrain\n|-heal|p1a: Tapu Bulu|59/100|[from] Grassy Terrain\n|upkeep\n|turn|7\n|\n|t:|1790369642\n|switch|p1a: Excadrill|Excadrill, M|100/100\n|-ability|p1a: Excadrill|Mold Breaker\n|move|p2a: 40NMYWRIST|Aurora Veil|p2a: 40NMYWRIST\n|-sidestart|p2: explosive device|move: Aurora Veil\n|\n|-weather|Hail|[upkeep]\n|-damage|p1a: Excadrill|94/100|[from] Hail\n|-heal|p2a: 40NMYWRIST|24/100|[from] Grassy Terrain\n|-heal|p1a: Excadrill|100/100|[from] Grassy Terrain\n|upkeep\n|turn|8\n|\n|t:|1790369649\n|switch|p2a: ICEDCHAINLINKS|Cloyster, M|100/100\n|move|p1a: Excadrill|Stealth Rock|p2a: ICEDCHAINLINKS\n|-sidestart|p2: explosive device|move: Stealth Rock\n|\n|-weather|Hail|[upkeep]\n|-damage|p1a: Excadrill|94/100|[from] Hail\n|-heal|p1a: Excadrill|100/100|[from] Grassy Terrain\n|upkeep\n|turn|9\n|inactive|Quaqrash has 270 seconds left.\n|inactive|Quaqrash has 240 seconds left.\n|\n|t:|1790369718\n|move|p1a: Excadrill|Toxic|p2a: ICEDCHAINLINKS\n|-status|p2a: ICEDCHAINLINKS|tox\n|move|p2a: ICEDCHAINLINKS|Shell Smash|p2a: ICEDCHAINLINKS\n|-unboost|p2a: ICEDCHAINLINKS|def|1\n|-unboost|p2a: ICEDCHAINLINKS|spd|1\n|-boost|p2a: ICEDCHAINLINKS|atk|2\n|-boost|p2a: ICEDCHAINLINKS|spa|2\n|-boost|p2a: ICEDCHAINLINKS|spe|2\n|\n|-weather|Hail|[upkeep]\n|-damage|p1a: Excadrill|94/100|[from] Hail\n|-heal|p1a: Excadrill|100/100|[from] Grassy Terrain\n|-damage|p2a: ICEDCHAINLINKS|94/100 tox|[from] psn\n|-fieldend|move: Grassy Terrain\n|upkeep\n|turn|10\n|inactive|Quaqrash has 240 seconds left.\n|\n|t:|1790369735\n|move|p2a: ICEDCHAINLINKS|Hydro Pump|p1a: Excadrill\n|-supereffective|p1a: Excadrill\n|-damage|p1a: Excadrill|0 fnt\n|faint|p1a: Excadrill\n|-damage|p2a: ICEDCHAINLINKS|84/100 tox|[from] item: Life Orb\n|\n|-weather|none\n|-damage|p2a: ICEDCHAINLINKS|72/100 tox|[from] psn\n|upkeep\n|\n|t:|1790369739\n|switch|p1a: Toxapex|Toxapex, M|47/100\n|turn|11\n|inactive|Quaqrash has 240 seconds left.\n|inactive|Quaqrash has 210 seconds left.\n|\n|t:|1790369774\n|switch|p1a: Zapdos|Zapdos|100/100\n|move|p2a: ICEDCHAINLINKS|Rapid Spin|p1a: Zapdos\n|-damage|p1a: Zapdos|74/100\n|-boost|p2a: ICEDCHAINLINKS|spe|1\n|-sideend|p2: explosive device|Stealth Rock|[from] move: Rapid Spin|[of] p2a: ICEDCHAINLINKS\n|-damage|p2a: ICEDCHAINLINKS|62/100 tox|[from] item: Life Orb\n|\n|-damage|p2a: ICEDCHAINLINKS|43/100 tox|[from] psn\n|upkeep\n|turn|12\n|inactive|Quaqrash has 210 seconds left.\n|\n|t:|1790369788\n|switch|p1a: Toxapex|Toxapex, M|80/100\n|move|p2a: ICEDCHAINLINKS|Icicle Spear|p1a: Toxapex\n|-resisted|p1a: Toxapex\n|-damage|p1a: Toxapex|70/100\n|-resisted|p1a: Toxapex\n|-damage|p1a: Toxapex|58/100\n|-resisted|p1a: Toxapex\n|-damage|p1a: Toxapex|48/100\n|-resisted|p1a: Toxapex\n|-damage|p1a: Toxapex|37/100\n|-resisted|p1a: Toxapex\n|-damage|p1a: Toxapex|27/100\n|-hitcount|p1a: Toxapex|5\n|-damage|p2a: ICEDCHAINLINKS|33/100 tox|[from] item: Life Orb\n|\n|-damage|p2a: ICEDCHAINLINKS|8/100 tox|[from] psn\n|upkeep\n|turn|13\n|inactive|Quaqrash has 210 seconds left.\n|inactive|Quaqrash has 180 seconds left.\n|inactive|Quaqrash has 150 seconds left.\n|\n|t:|1790369867\n|switch|p1a: Tapu Bulu|Tapu Bulu|59/100\n|-fieldstart|move: Grassy Terrain|[from] ability: Grassy Surge|[of] p1a: Tapu Bulu\n|move|p2a: ICEDCHAINLINKS|Icicle Spear|p1a: Tapu Bulu\n|-supereffective|p1a: Tapu Bulu\n|-damage|p1a: Tapu Bulu|0 fnt\n|faint|p1a: Tapu Bulu\n|-hitcount|p1: Tapu Bulu|1\n|-damage|p2a: ICEDCHAINLINKS|0 fnt|[from] item: Life Orb\n|faint|p2a: ICEDCHAINLINKS\n|\n|upkeep\n|\n|t:|1790369883\n|switch|p2a: SUBSIDIZED GAMBLER|Weavile, M|70/100\n|switch|p1a: Toxapex|Toxapex, M|60/100\n|-ability|p2a: SUBSIDIZED GAMBLER|Pressure\n|turn|14\n|inactive|Quaqrash has 150 seconds left.\n|inactive|Quaqrash has 120 seconds left.\n|\n|t:|1790369922\n|switch|p2a: 40NMYWRIST|Ninetales-Alola, M|24/100\n|-weather|Hail|[from] ability: Snow Warning|[of] p2a: 40NMYWRIST\n|move|p1a: Toxapex|Recover|p1a: Toxapex\n|-heal|p1a: Toxapex|100/100\n|\n|-weather|Hail|[upkeep]\n|-damage|p1a: Toxapex|95/100|[from] Hail\n|-heal|p2a: 40NMYWRIST|30/100|[from] Grassy Terrain\n|-heal|p1a: Toxapex|100/100|[from] Grassy Terrain\n|-sideend|p2: explosive device|move: Aurora Veil\n|upkeep\n|turn|15\n|inactive|Quaqrash has 120 seconds left.\n|\n|t:|1790369936\n|switch|p1a: Weavile|Weavile, M|100/100\n|-ability|p1a: Weavile|Pressure\n|move|p2a: 40NMYWRIST|Aurora Veil|p2a: 40NMYWRIST\n|-sidestart|p2: explosive device|move: Aurora Veil\n|\n|-weather|Hail|[upkeep]\n|-heal|p2a: 40NMYWRIST|36/100|[from] Grassy Terrain\n|upkeep\n|turn|16\n|\n|t:|1790369946\n|switch|p1a: Toxapex|Toxapex, M|100/100\n|move|p2a: 40NMYWRIST|Encore||[still]\n|-fail|p2a: 40NMYWRIST\n|\n|-weather|Hail|[upkeep]\n|-damage|p1a: Toxapex|95/100|[from] Hail\n|-heal|p2a: 40NMYWRIST|42/100|[from] Grassy Terrain\n|-heal|p1a: Toxapex|100/100|[from] Grassy Terrain\n|upkeep\n|turn|17\n|\n|t:|1790369955\n|move|p2a: 40NMYWRIST|Hypnosis|p1a: Toxapex|[miss]\n|-miss|p2a: 40NMYWRIST|p1a: Toxapex\n|move|p1a: Toxapex|Toxic|p2a: 40NMYWRIST\n|-status|p2a: 40NMYWRIST|tox\n|\n|-weather|Hail|[upkeep]\n|-damage|p1a: Toxapex|95/100|[from] Hail\n|-heal|p2a: 40NMYWRIST|48/100 tox|[from] Grassy Terrain\n|-heal|p1a: Toxapex|100/100|[from] Grassy Terrain\n|-damage|p2a: 40NMYWRIST|42/100 tox|[from] psn\n|-fieldend|move: Grassy Terrain\n|upkeep\n|turn|18\n|\n|t:|1790369971\n|switch|p1a: Zapdos|Zapdos|74/100\n|move|p2a: 40NMYWRIST|Hypnosis|p1a: Zapdos\n|-status|p1a: Zapdos|slp|[from] move: Hypnosis\n|\n|-weather|none\n|-damage|p2a: 40NMYWRIST|30/100 tox|[from] psn\n|upkeep\n|turn|19\n|\n|t:|1790369977\n|switch|p2a: 6GIRLSONMYLINE|Crawdaunt, F|51/100 tox\n|switch|p1a: Toxapex|Toxapex, M|100/100\n|\n|-damage|p2a: 6GIRLSONMYLINE|45/100 tox|[from] psn\n|upkeep\n|turn|20\n|\n|t:|1790369993\n|move|p2a: 6GIRLSONMYLINE|Swords Dance|p2a: 6GIRLSONMYLINE\n|-boost|p2a: 6GIRLSONMYLINE|atk|2\n|move|p1a: Toxapex|Scald|p2a: 6GIRLSONMYLINE\n|-resisted|p2a: 6GIRLSONMYLINE\n|-damage|p2a: 6GIRLSONMYLINE|38/100 tox\n|\n|-damage|p2a: 6GIRLSONMYLINE|26/100 tox|[from] psn\n|upkeep\n|turn|21\n|\n|t:|1790369996\n|switch|p1a: Zapdos|Zapdos|74/100 slp\n|move|p2a: 6GIRLSONMYLINE|Knock Off|p1a: Zapdos\n|-damage|p1a: Zapdos|0 fnt\n|-enditem|p1a: Zapdos|Heavy-Duty Boots|[from] move: Knock Off|[of] p2a: 6GIRLSONMYLINE\n|faint|p1a: Zapdos\n|-damage|p2a: 6GIRLSONMYLINE|16/100 tox|[from] item: Life Orb\n|\n|-damage|p2a: 6GIRLSONMYLINE|0 fnt|[from] psn\n|faint|p2a: 6GIRLSONMYLINE\n|upkeep\n|\n|t:|1790370012\n|switch|p1a: Latios|Latios, M|100/100\n|switch|p2a: SUBSIDIZED GAMBLER|Weavile, M|70/100\n|-ability|p2a: SUBSIDIZED GAMBLER|Pressure\n|turn|22\n|\n|t:|1790370023\n|switch|p1a: Weavile|Weavile, M|100/100\n|-ability|p1a: Weavile|Pressure\n|move|p2a: SUBSIDIZED GAMBLER|Knock Off|p1a: Weavile\n|-resisted|p1a: Weavile\n|-damage|p1a: Weavile|46/100\n|-enditem|p1a: Weavile|Choice Band|[from] move: Knock Off|[of] p2a: SUBSIDIZED GAMBLER\n|-damage|p2a: SUBSIDIZED GAMBLER|60/100|[from] item: Life Orb\n|\n|-sideend|p2: explosive device|move: Aurora Veil\n|upkeep\n|turn|23\n|\n|t:|1790370030\n|move|p1a: Weavile|Low Kick|p2a: SUBSIDIZED GAMBLER\n|-supereffective|p2a: SUBSIDIZED GAMBLER\n|-damage|p2a: SUBSIDIZED GAMBLER|0 fnt\n|faint|p2a: SUBSIDIZED GAMBLER\n|\n|upkeep\n|\n|t:|1790370042\n|switch|p2a: callMEthedevil?|Volcarona, M|100/100\n|turn|24\n|\n|t:|1790370054\n|switch|p1a: Toxapex|Toxapex, M|100/100\n|move|p2a: callMEthedevil?|Flamethrower|p1a: Toxapex\n|-resisted|p1a: Toxapex\n|-damage|p1a: Toxapex|84/100\n|\n|upkeep\n|turn|25\n|\n|t:|1790370059\n|move|p2a: callMEthedevil?|Substitute|p2a: callMEthedevil?\n|-start|p2a: callMEthedevil?|Substitute\n|-damage|p2a: callMEthedevil?|76/100\n|move|p1a: Toxapex|Toxic||[still]\n|-fail|p1a: Toxapex\n|\n|upkeep\n|turn|26\n|\n|t:|1790370062\n|move|p2a: callMEthedevil?|Giga Drain|p1a: Toxapex\n|-damage|p1a: Toxapex|67/100\n|-heal|p2a: callMEthedevil?|84/100|[from] drain|[of] p1a: Toxapex\n|move|p1a: Toxapex|Haze|p1a: Toxapex\n|-clearallboost\n|\n|upkeep\n|turn|27\n|\n|t:|1790370065\n|move|p2a: callMEthedevil?|Quiver Dance|p2a: callMEthedevil?\n|-boost|p2a: callMEthedevil?|spa|1\n|-boost|p2a: callMEthedevil?|spd|1\n|-boost|p2a: callMEthedevil?|spe|1\n|move|p1a: Toxapex|Scald|p2a: callMEthedevil?\n|-supereffective|p2a: callMEthedevil?\n|-activate|p2a: callMEthedevil?|move: Substitute|[damage]\n|\n|upkeep\n|turn|28\n|\n|t:|1790370067\n|move|p2a: callMEthedevil?|Giga Drain|p1a: Toxapex\n|-damage|p1a: Toxapex|36/100\n|-heal|p2a: callMEthedevil?|99/100|[from] drain|[of] p1a: Toxapex\n|move|p1a: Toxapex|Haze|p1a: Toxapex\n|-clearallboost\n|\n|upkeep\n|turn|29\n|\n|t:|1790370072\n|move|p2a: callMEthedevil?|Flamethrower|p1a: Toxapex\n|-resisted|p1a: Toxapex\n|-damage|p1a: Toxapex|21/100\n|move|p1a: Toxapex|Recover|p1a: Toxapex\n|-heal|p1a: Toxapex|71/100\n|\n|upkeep\n|turn|30\n|\n|t:|1790370079\n|move|p2a: callMEthedevil?|Flamethrower|p1a: Toxapex\n|-resisted|p1a: Toxapex\n|-damage|p1a: Toxapex|54/100\n|move|p1a: Toxapex|Scald|p2a: callMEthedevil?\n|-supereffective|p2a: callMEthedevil?\n|-end|p2a: callMEthedevil?|Substitute\n|\n|upkeep\n|turn|31\n|\n|t:|1790370083\n|move|p2a: callMEthedevil?|Substitute|p2a: callMEthedevil?\n|-start|p2a: callMEthedevil?|Substitute\n|-damage|p2a: callMEthedevil?|74/100\n|move|p1a: Toxapex|Scald|p2a: callMEthedevil?\n|-supereffective|p2a: callMEthedevil?\n|-end|p2a: callMEthedevil?|Substitute\n|\n|upkeep\n|turn|32\n|\n|t:|1790370086\n|move|p2a: callMEthedevil?|Substitute|p2a: callMEthedevil?\n|-start|p2a: callMEthedevil?|Substitute\n|-damage|p2a: callMEthedevil?|50/100\n|move|p1a: Toxapex|Scald|p2a: callMEthedevil?\n|-supereffective|p2a: callMEthedevil?\n|-end|p2a: callMEthedevil?|Substitute\n|\n|upkeep\n|turn|33\n|\n|t:|1790370089\n|move|p2a: callMEthedevil?|Quiver Dance|p2a: callMEthedevil?\n|-boost|p2a: callMEthedevil?|spa|1\n|-boost|p2a: callMEthedevil?|spd|1\n|-boost|p2a: callMEthedevil?|spe|1\n|move|p1a: Toxapex|Scald|p2a: callMEthedevil?\n|-supereffective|p2a: callMEthedevil?\n|-damage|p2a: callMEthedevil?|30/100\n|\n|upkeep\n|turn|34\n|\n|t:|1790370095\n|move|p2a: callMEthedevil?|Substitute|p2a: callMEthedevil?\n|-start|p2a: callMEthedevil?|Substitute\n|-damage|p2a: callMEthedevil?|5/100\n|move|p1a: Toxapex|Recover|p1a: Toxapex\n|-heal|p1a: Toxapex|100/100\n|\n|upkeep\n|turn|35\n|\n|t:|1790370097\n|move|p2a: callMEthedevil?|Giga Drain|p1a: Toxapex\n|-damage|p1a: Toxapex|73/100\n|-heal|p2a: callMEthedevil?|19/100|[from] drain|[of] p1a: Toxapex\n|move|p1a: Toxapex|Haze|p1a: Toxapex\n|-clearallboost\n|\n|upkeep\n|turn|36\n|\n|t:|1790370100\n|move|p2a: callMEthedevil?|Giga Drain|p1a: Toxapex\n|-damage|p1a: Toxapex|54/100\n|-heal|p2a: callMEthedevil?|28/100|[from] drain|[of] p1a: Toxapex\n|move|p1a: Toxapex|Scald|p2a: callMEthedevil?\n|-supereffective|p2a: callMEthedevil?\n|-end|p2a: callMEthedevil?|Substitute\n|\n|upkeep\n|turn|37\n|\n|t:|1790370103\n|move|p2a: callMEthedevil?|Giga Drain|p1a: Toxapex\n|-damage|p1a: Toxapex|35/100\n|-heal|p2a: callMEthedevil?|37/100|[from] drain|[of] p1a: Toxapex\n|move|p1a: Toxapex|Recover|p1a: Toxapex\n|-heal|p1a: Toxapex|85/100\n|\n|upkeep\n|turn|38\n|\n|t:|1790370106\n|move|p2a: callMEthedevil?|Quiver Dance|p2a: callMEthedevil?\n|-boost|p2a: callMEthedevil?|spa|1\n|-boost|p2a: callMEthedevil?|spd|1\n|-boost|p2a: callMEthedevil?|spe|1\n|move|p1a: Toxapex|Scald|p2a: callMEthedevil?\n|-supereffective|p2a: callMEthedevil?\n|-damage|p2a: callMEthedevil?|17/100\n|\n|upkeep\n|turn|39\n|\n|t:|1790370110\n|move|p2a: callMEthedevil?|Giga Drain|p1a: Toxapex\n|-damage|p1a: Toxapex|59/100\n|-heal|p2a: callMEthedevil?|30/100|[from] drain|[of] p1a: Toxapex\n|move|p1a: Toxapex|Toxic|p2a: callMEthedevil?\n|-status|p2a: callMEthedevil?|tox\n|\n|-damage|p2a: callMEthedevil?|24/100 tox|[from] psn\n|upkeep\n|turn|40\n|\n|t:|1790370112\n|move|p2a: callMEthedevil?|Giga Drain|p1a: Toxapex\n|-damage|p1a: Toxapex|31/100\n|-heal|p2a: callMEthedevil?|37/100 tox|[from] drain|[of] p1a: Toxapex\n|move|p1a: Toxapex|Recover|p1a: Toxapex\n|-heal|p1a: Toxapex|81/100\n|\n|-damage|p2a: callMEthedevil?|25/100 tox|[from] psn\n|upkeep\n|turn|41\n|\n|t:|1790370115\n|move|p2a: callMEthedevil?|Giga Drain|p1a: Toxapex\n|-damage|p1a: Toxapex|51/100\n|-heal|p2a: callMEthedevil?|40/100 tox|[from] drain|[of] p1a: Toxapex\n|move|p1a: Toxapex|Haze|p1a: Toxapex\n|-clearallboost\n|\n|-damage|p2a: callMEthedevil?|22/100 tox|[from] psn\n|upkeep\n|turn|42\n|\n|t:|1790370118\n|move|p2a: callMEthedevil?|Giga Drain|p1a: Toxapex\n|-damage|p1a: Toxapex|33/100\n|-heal|p2a: callMEthedevil?|31/100 tox|[from] drain|[of] p1a: Toxapex\n|move|p1a: Toxapex|Recover|p1a: Toxapex\n|-heal|p1a: Toxapex|83/100\n|\n|-damage|p2a: callMEthedevil?|6/100 tox|[from] psn\n|upkeep\n|turn|43\n|\n|t:|1790370135\n|move|p2a: callMEthedevil?|Flamethrower|p1a: Toxapex\n|-resisted|p1a: Toxapex\n|-crit|p1a: Toxapex\n|-damage|p1a: Toxapex|57/100\n|move|p1a: Toxapex|Scald|p2a: callMEthedevil?\n|-supereffective|p2a: callMEthedevil?\n|-damage|p2a: callMEthedevil?|0 fnt\n|faint|p2a: callMEthedevil?\n|\n|upkeep\n|\n|t:|1790370138\n|switch|p2a: 40NMYWRIST|Ninetales-Alola, M|30/100 tox\n|-weather|Hail|[from] ability: Snow Warning|[of] p2a: 40NMYWRIST\n|turn|44\n|\n|t:|1790370152\n|switch|p1a: Weavile|Weavile, M|46/100\n|-ability|p1a: Weavile|Pressure\n|move|p2a: 40NMYWRIST|Aurora Veil|p2a: 40NMYWRIST\n|-sidestart|p2: explosive device|move: Aurora Veil\n|\n|-weather|Hail|[upkeep]\n|-damage|p2a: 40NMYWRIST|24/100 tox|[from] psn\n|upkeep\n|turn|45\n|\n|t:|1790370164\n|move|p1a: Weavile|Knock Off|p2a: 40NMYWRIST\n|-resisted|p2a: 40NMYWRIST\n|-damage|p2a: 40NMYWRIST|9/100 tox\n|-enditem|p2a: 40NMYWRIST|Light Clay|[from] move: Knock Off|[of] p1a: Weavile\n|move|p2a: 40NMYWRIST|Hypnosis|p1a: Weavile|[miss]\n|-miss|p2a: 40NMYWRIST|p1a: Weavile\n|\n|-weather|Hail|[upkeep]\n|-damage|p2a: 40NMYWRIST|0 fnt|[from] psn\n|faint|p2a: 40NMYWRIST\n|upkeep\n|\n|t:|1790370167\n|switch|p2a: INDUSTRY FREESTYLE|Moltres-Galar|100/100\n|turn|46\n|\n|t:|1790370175\n|move|p1a: Weavile|Triple Axel|p2a: INDUSTRY FREESTYLE\n|-supereffective|p2a: INDUSTRY FREESTYLE\n|-damage|p2a: INDUSTRY FREESTYLE|90/100\n|-supereffective|p2a: INDUSTRY FREESTYLE\n|-damage|p2a: INDUSTRY FREESTYLE|66/100\n|-supereffective|p2a: INDUSTRY FREESTYLE\n|-damage|p2a: INDUSTRY FREESTYLE|32/100\n|-hitcount|p2a: INDUSTRY FREESTYLE|3\n|-ability|p2a: INDUSTRY FREESTYLE|Berserk|boost\n|-boost|p2a: INDUSTRY FREESTYLE|spa|1\n|move|p2a: INDUSTRY FREESTYLE|Agility|p2a: INDUSTRY FREESTYLE\n|-boost|p2a: INDUSTRY FREESTYLE|spe|2\n|\n|-weather|Hail|[upkeep]\n|-damage|p2a: INDUSTRY FREESTYLE|26/100|[from] Hail\n|upkeep\n|turn|47\n|\n|t:|1790370203\n|move|p1a: Weavile|Ice Shard|p2a: INDUSTRY FREESTYLE\n|-supereffective|p2a: INDUSTRY FREESTYLE\n|-damage|p2a: INDUSTRY FREESTYLE|4/100\n|move|p2a: INDUSTRY FREESTYLE|Rest|p2a: INDUSTRY FREESTYLE\n|-status|p2a: INDUSTRY FREESTYLE|slp|[from] move: Rest\n|-heal|p2a: INDUSTRY FREESTYLE|100/100 slp|[silent]\n|-enditem|p2a: INDUSTRY FREESTYLE|Chesto Berry|[eat]\n|-curestatus|p2a: INDUSTRY FREESTYLE|slp|[msg]\n|\n|-weather|Hail|[upkeep]\n|-damage|p2a: INDUSTRY FREESTYLE|94/100|[from] Hail\n|upkeep\n|turn|48\n|inactive|Quaqrash has 270 seconds left.\n|\n|t:|1790370242\n|move|p2a: INDUSTRY FREESTYLE|Fiery Wrath|p1a: Weavile\n|-resisted|p1a: Weavile\n|-damage|p1a: Weavile|3/100\n|move|p1a: Weavile|Triple Axel|p2a: INDUSTRY FREESTYLE\n|-supereffective|p2a: INDUSTRY FREESTYLE\n|-damage|p2a: INDUSTRY FREESTYLE|83/100\n|-supereffective|p2a: INDUSTRY FREESTYLE\n|-damage|p2a: INDUSTRY FREESTYLE|60/100\n|-supereffective|p2a: INDUSTRY FREESTYLE\n|-damage|p2a: INDUSTRY FREESTYLE|26/100\n|-hitcount|p2a: INDUSTRY FREESTYLE|3\n|-ability|p2a: INDUSTRY FREESTYLE|Berserk|boost\n|-boost|p2a: INDUSTRY FREESTYLE|spa|1\n|\n|-weather|none\n|upkeep\n|turn|49\n|\n|t:|1790370255\n|move|p1a: Weavile|Ice Shard|p2a: INDUSTRY FREESTYLE\n|-supereffective|p2a: INDUSTRY FREESTYLE\n|-damage|p2a: INDUSTRY FREESTYLE|2/100\n|move|p2a: INDUSTRY FREESTYLE|Fiery Wrath|p1a: Weavile\n|-resisted|p1a: Weavile\n|-damage|p1a: Weavile|0 fnt\n|faint|p1a: Weavile\n|\n|upkeep\n|\n|t:|1790370259\n|switch|p1a: Toxapex|Toxapex, M|90/100\n|turn|50\n|\n|t:|1790370264\n|move|p2a: INDUSTRY FREESTYLE|Fiery Wrath|p1a: Toxapex\n|-damage|p1a: Toxapex|39/100\n|move|p1a: Toxapex|Toxic|p2a: INDUSTRY FREESTYLE\n|-status|p2a: INDUSTRY FREESTYLE|tox\n|\n|-damage|p2a: INDUSTRY FREESTYLE|0 fnt|[from] psn\n|faint|p2a: INDUSTRY FREESTYLE\n|\n|win|Quaqrash\n|c|\u2606Quaqrash|gg\n|c|\u2606explosive device|how do u hit everything bro\n|l|\u2606explosive device\n|player|p2|\n|j|\u2606explosive device\n|player|p2|explosive device|delinquentf2-gen9|\n|c|\u2606Quaqrash|Rng was on my side\n|l|\u2606Quaqrash\n|player|p1|\n|j|\u2606Quaqrash\n|player|p1|Quaqrash|1|\n|j| napthalene\n|l| napthalene\n|j| napthalene\n|l| napthalene\n", "uploadtime": 1790370284, "views": "95", "formatid": "gen8ou", "rating": null, "private": 0, "password": null}