{"id": "gen8ou-2694075658", "format": "[Gen 8] OU", "players": ["zygarde12", "LogIce"], "log": "|j|\u2606zygarde12\n|j|\u2606LogIce\n|t:|1791328554\n|gametype|singles\n|player|p1|zygarde12|#adpl9|\n|player|p2|LogIce|#bssplximeowscaradas|\n|gen|8\n|tier|[Gen 8] OU\n|rule|HP Percentage Mod: HP is shown in percentages\n|rule|Endless Battle Clause: Forcing endless battles is banned\n|rule|Sleep Clause Mod: Limit one foe put to sleep\n|rule|Species Clause: Limit one of each Pok\u00e9mon\n|rule|OHKO Clause: OHKO moves are banned\n|rule|Evasion Items Clause: Evasion items are banned\n|rule|Evasion Moves Clause: Evasion moves are banned\n|rule|Dynamax Clause: You cannot dynamax\n|clearpoke\n|poke|p1|Tapu Koko|\n|poke|p1|Landorus-Therian, M|\n|poke|p1|Ferrothorn, M|\n|poke|p1|Heatran, F|\n|poke|p1|Dragonite, M|\n|poke|p1|Weavile, M|\n|poke|p2|Tapu Lele|\n|poke|p2|Landorus-Therian, M|\n|poke|p2|Heatran, F|\n|poke|p2|Tapu Fini|\n|poke|p2|Dragapult, F|\n|poke|p2|Melmetal|\n|teampreview\n|c|\u2606LogIce|glhf\n|c|\u2606zygarde12|glhf\n|inactive|Battle timer is ON: inactive players will automatically lose when time's up. (requested by LogIce)\n|inactive|zygarde12 has 270 seconds left.\n|\n|t:|1791328612\n|teamsize|p1|6\n|teamsize|p2|6\n|start\n|switch|p1a: Landorus|Landorus-Therian, M|100/100\n|switch|p2a: Heatran|Heatran, F|100/100\n|-ability|p1a: Landorus|Intimidate|boost\n|-unboost|p2a: Heatran|atk|1\n|-item|p2a: Heatran|Air Balloon\n|turn|1\n|\n|t:|1791328621\n|move|p1a: Landorus|U-turn|p2a: Heatran\n|-resisted|p2a: Heatran\n|-damage|p2a: Heatran|97/100\n|-enditem|p2a: Heatran|Air Balloon\n|\n|t:|1791328625\n|switch|p1a: Heatran|Heatran, F|100/100|[from] U-turn\n|move|p2a: Heatran|Stealth Rock|p1a: Heatran\n|-sidestart|p1: zygarde12|move: Stealth Rock\n|\n|upkeep\n|turn|2\n|\n|t:|1791328630\n|move|p1a: Heatran|Stealth Rock|p2a: Heatran\n|-sidestart|p2: LogIce|move: Stealth Rock\n|move|p2a: Heatran|Earth Power|p1a: Heatran\n|-supereffective|p1a: Heatran\n|-damage|p1a: Heatran|35/100\n|\n|-heal|p1a: Heatran|41/100|[from] item: Leftovers\n|upkeep\n|turn|3\n|\n|t:|1791328643\n|switch|p1a: Landorus|Landorus-Therian, M|100/100\n|-damage|p1a: Landorus|88/100|[from] Stealth Rock\n|-ability|p1a: Landorus|Intimidate|boost\n|-unboost|p2a: Heatran|atk|1\n|switch|p2a: Landorus|Landorus-Therian, M|100/100\n|-damage|p2a: Landorus|88/100|[from] Stealth Rock\n|-ability|p2a: Landorus|Intimidate|boost\n|-unboost|p1a: Landorus|atk|1\n|\n|-heal|p2a: Landorus|94/100|[from] item: Leftovers\n|-heal|p1a: Landorus|94/100|[from] item: Leftovers\n|upkeep\n|turn|4\n|\n|t:|1791328652\n|move|p2a: Landorus|Knock Off|p1a: Landorus\n|-damage|p1a: Landorus|65/100\n|-enditem|p1a: Landorus|Leftovers|[from] move: Knock Off|[of] p2a: Landorus\n|move|p1a: Landorus|Toxic|p2a: Landorus\n|-status|p2a: Landorus|tox\n|\n|-heal|p2a: Landorus|99/100 tox|[from] item: Leftovers\n|-damage|p2a: Landorus|94/100 tox|[from] psn\n|upkeep\n|turn|5\n|\n|t:|1791328665\n|move|p2a: Landorus|U-turn|p1a: Landorus\n|-resisted|p1a: Landorus\n|-damage|p1a: Landorus|55/100\n|\n|t:|1791328671\n|switch|p2a: Tapu Fini|Tapu Fini|100/100|[from] U-turn\n|-damage|p2a: Tapu Fini|88/100|[from] Stealth Rock\n|-fieldstart|move: Misty Terrain|[from] ability: Misty Surge|[of] p2a: Tapu Fini\n|move|p1a: Landorus|U-turn|p2a: Tapu Fini\n|-resisted|p2a: Tapu Fini\n|-damage|p2a: Tapu Fini|81/100\n|\n|t:|1791328682\n|switch|p1a: Tapu Koko|Tapu Koko|100/100|[from] U-turn\n|-fieldstart|move: Electric Terrain|[from] ability: Electric Surge|[of] p1a: Tapu Koko\n|\n|upkeep\n|turn|6\n|\n|t:|1791328692\n|switch|p2a: Landorus|Landorus-Therian, M|94/100 tox\n|-damage|p2a: Landorus|82/100 tox|[from] Stealth Rock\n|-ability|p2a: Landorus|Intimidate|boost\n|-unboost|p1a: Tapu Koko|atk|1\n|move|p1a: Tapu Koko|U-turn|p2a: Landorus\n|-resisted|p2a: Landorus\n|-damage|p2a: Landorus|77/100 tox\n|\n|t:|1791328700\n|switch|p1a: Weavile|Weavile, M|100/100|[from] U-turn\n|-ability|p1a: Weavile|Pressure\n|\n|-heal|p2a: Landorus|83/100 tox|[from] item: Leftovers\n|-damage|p2a: Landorus|77/100 tox|[from] psn\n|upkeep\n|turn|7\n|\n|t:|1791328706\n|switch|p2a: Heatran|Heatran, F|97/100\n|-damage|p2a: Heatran|84/100|[from] Stealth Rock\n|move|p1a: Weavile|Knock Off|p2a: Heatran\n|-damage|p2a: Heatran|63/100\n|\n|upkeep\n|turn|8\n|\n|t:|1791328718\n|switch|p1a: Heatran|Heatran, F|41/100\n|-damage|p1a: Heatran|29/100|[from] Stealth Rock\n|move|p2a: Heatran|Magma Storm|p1a: Heatran\n|-start|p1a: Heatran|ability: Flash Fire\n|\n|-heal|p1a: Heatran|35/100|[from] item: Leftovers\n|upkeep\n|turn|9\n|\n|t:|1791328726\n|move|p1a: Heatran|Earth Power|p2a: Heatran\n|-supereffective|p2a: Heatran\n|-damage|p2a: Heatran|0 fnt\n|faint|p2a: Heatran\n|\n|-heal|p1a: Heatran|41/100|[from] item: Leftovers\n|-fieldend|move: Electric Terrain\n|upkeep\n|\n|t:|1791328734\n|switch|p2a: Dragapult|Dragapult, F|100/100\n|-damage|p2a: Dragapult|88/100|[from] Stealth Rock\n|turn|10\n|\n|t:|1791328739\n|move|p2a: Dragapult|Shadow Ball|p1a: Heatran\n|-damage|p1a: Heatran|5/100\n|move|p1a: Heatran|Magma Storm|p2a: Dragapult|[miss]\n|-miss|p1a: Heatran|p2a: Dragapult\n|\n|-heal|p1a: Heatran|12/100|[from] item: Leftovers\n|upkeep\n|turn|11\n|\n|t:|1791328747\n|move|p2a: Dragapult|Shadow Ball|p1a: Heatran\n|-damage|p1a: Heatran|0 fnt\n|faint|p1a: Heatran\n|\n|upkeep\n|\n|t:|1791328752\n|switch|p1a: Weavile|Weavile, M|100/100\n|-ability|p1a: Weavile|Pressure\n|turn|12\n|\n|t:|1791328758\n|switch|p2a: Tapu Fini|Tapu Fini|81/100\n|-damage|p2a: Tapu Fini|69/100|[from] Stealth Rock\n|-fieldstart|move: Misty Terrain|[from] ability: Misty Surge|[of] p2a: Tapu Fini\n|move|p1a: Weavile|Knock Off|p2a: Tapu Fini\n|-resisted|p2a: Tapu Fini\n|-damage|p2a: Tapu Fini|45/100\n|-enditem|p2a: Tapu Fini|Choice Scarf|[from] move: Knock Off|[of] p1a: Weavile\n|\n|upkeep\n|turn|13\n|\n|t:|1791328767\n|switch|p1a: Ferrothorn|Ferrothorn, M|100/100\n|-damage|p1a: Ferrothorn|94/100|[from] Stealth Rock\n|move|p2a: Tapu Fini|Trick|p1a: Ferrothorn\n|-activate|p2a: Tapu Fini|move: Trick|[of] p1a: Ferrothorn\n|-enditem|p1a: Ferrothorn|Leftovers|[silent]|[from] move: Trick\n|-item|p2a: Tapu Fini|Leftovers|[from] move: Trick\n|\n|-heal|p2a: Tapu Fini|51/100|[from] item: Leftovers\n|upkeep\n|turn|14\n|\n|t:|1791328775\n|move|p2a: Tapu Fini|Taunt|p1a: Ferrothorn\n|-start|p1a: Ferrothorn|move: Taunt\n|cant|p1a: Ferrothorn|move: Taunt|Spikes\n|\n|-heal|p2a: Tapu Fini|58/100|[from] item: Leftovers\n|upkeep\n|turn|15\n|\n|t:|1791328780\n|switch|p2a: Landorus|Landorus-Therian, M|77/100 tox\n|-damage|p2a: Landorus|64/100 tox|[from] Stealth Rock\n|-ability|p2a: Landorus|Intimidate|boost\n|-unboost|p1a: Ferrothorn|atk|1\n|move|p1a: Ferrothorn|Knock Off|p2a: Landorus\n|-damage|p2a: Landorus|49/100 tox\n|-enditem|p2a: Landorus|Leftovers|[from] move: Knock Off|[of] p1a: Ferrothorn\n|\n|-damage|p2a: Landorus|43/100 tox|[from] psn\n|upkeep\n|turn|16\n|\n|t:|1791328789\n|move|p2a: Landorus|Defog|p1a: Ferrothorn\n|-unboost|p1a: Ferrothorn|evasion|1\n|-sideend|p1: zygarde12|Stealth Rock|[from] move: Defog|[of] p2a: Landorus\n|-sideend|p2: LogIce|Stealth Rock|[from] move: Defog|[of] p2a: Landorus\n|-fieldend|Misty Terrain\n|move|p1a: Ferrothorn|Power Whip|p2a: Landorus\n|-damage|p2a: Landorus|16/100 tox\n|\n|-damage|p2a: Landorus|4/100 tox|[from] psn\n|-end|p1a: Ferrothorn|move: Taunt\n|upkeep\n|turn|17\n|\n|t:|1791328799\n|move|p2a: Landorus|Earthquake|p1a: Ferrothorn\n|-damage|p1a: Ferrothorn|68/100\n|move|p1a: Ferrothorn|Spikes|p2a: Landorus\n|-sidestart|p2: LogIce|Spikes\n|\n|-damage|p2a: Landorus|0 fnt|[from] psn\n|faint|p2a: Landorus\n|upkeep\n|\n|t:|1791328811\n|switch|p2a: Dragapult|Dragapult, F|88/100\n|-damage|p2a: Dragapult|76/100|[from] Spikes\n|turn|18\n|\n|t:|1791328818\n|switch|p1a: Dragonite|Dragonite, M|100/100\n|move|p2a: Dragapult|Flamethrower|p1a: Dragonite\n|-resisted|p1a: Dragonite\n|-damage|p1a: Dragonite|92/100\n|\n|upkeep\n|turn|19\n|\n|t:|1791328833\n|switch|p2a: Tapu Lele|Tapu Lele|100/100\n|-damage|p2a: Tapu Lele|88/100|[from] Spikes\n|-fieldstart|move: Psychic Terrain|[from] ability: Psychic Surge|[of] p2a: Tapu Lele\n|switch|p1a: Ferrothorn|Ferrothorn, M|68/100\n|\n|upkeep\n|turn|20\n|\n|t:|1791328840\n|move|p2a: Tapu Lele|Focus Blast|p1a: Ferrothorn|[miss]\n|-miss|p2a: Tapu Lele|p1a: Ferrothorn\n|move|p1a: Ferrothorn|Leech Seed|p2a: Tapu Lele\n|-start|p2a: Tapu Lele|move: Leech Seed\n|\n|-damage|p2a: Tapu Lele|76/100|[from] Leech Seed|[of] p1a: Ferrothorn\n|-heal|p1a: Ferrothorn|77/100|[silent]\n|upkeep\n|turn|21\n|\n|t:|1791328846\n|switch|p2a: Dragapult|Dragapult, F|76/100\n|-damage|p2a: Dragapult|64/100|[from] Spikes\n|switch|p1a: Landorus|Landorus-Therian, M|55/100\n|-ability|p1a: Landorus|Intimidate|boost\n|-unboost|p2a: Dragapult|atk|1\n|\n|upkeep\n|turn|22\n|\n|t:|1791328856\n|move|p2a: Dragapult|Shadow Ball|p1a: Landorus\n|-damage|p1a: Landorus|15/100\n|move|p1a: Landorus|U-turn|p2a: Dragapult\n|-resisted|p2a: Dragapult\n|-damage|p2a: Dragapult|49/100\n|\n|t:|1791328862\n|switch|p1a: Weavile|Weavile, M|100/100|[from] U-turn\n|-ability|p1a: Weavile|Pressure\n|\n|upkeep\n|turn|23\n|\n|t:|1791328867\n|switch|p2a: Melmetal|Melmetal|100/100\n|-damage|p2a: Melmetal|88/100|[from] Spikes\n|move|p1a: Weavile|Knock Off|p2a: Melmetal\n|-damage|p2a: Melmetal|59/100\n|-enditem|p2a: Melmetal|Leftovers|[from] move: Knock Off|[of] p1a: Weavile\n|\n|-fieldend|move: Psychic Terrain\n|upkeep\n|turn|24\n|\n|t:|1791328875\n|switch|p1a: Ferrothorn|Ferrothorn, M|77/100\n|move|p2a: Melmetal|Earthquake|p1a: Ferrothorn\n|-damage|p1a: Ferrothorn|55/100\n|\n|upkeep\n|turn|25\n|\n|t:|1791328883\n|switch|p2a: Tapu Fini|Tapu Fini|58/100\n|-damage|p2a: Tapu Fini|45/100|[from] Spikes\n|-fieldstart|move: Misty Terrain|[from] ability: Misty Surge|[of] p2a: Tapu Fini\n|move|p1a: Ferrothorn|Knock Off|p2a: Tapu Fini\n|-resisted|p2a: Tapu Fini\n|-damage|p2a: Tapu Fini|35/100\n|-enditem|p2a: Tapu Fini|Leftovers|[from] move: Knock Off|[of] p1a: Ferrothorn\n|\n|upkeep\n|turn|26\n|\n|t:|1791328892\n|move|p2a: Tapu Fini|Taunt|p1a: Ferrothorn\n|-start|p1a: Ferrothorn|move: Taunt\n|move|p1a: Ferrothorn|Power Whip|p2a: Tapu Fini\n|-supereffective|p2a: Tapu Fini\n|-damage|p2a: Tapu Fini|0 fnt\n|faint|p2a: Tapu Fini\n|\n|upkeep\n|\n|t:|1791328896\n|switch|p2a: Dragapult|Dragapult, F|49/100\n|-damage|p2a: Dragapult|36/100|[from] Spikes\n|turn|27\n|\n|t:|1791328904\n|move|p2a: Dragapult|Flamethrower|p1a: Ferrothorn\n|-supereffective|p1a: Ferrothorn\n|-damage|p1a: Ferrothorn|0 fnt\n|faint|p1a: Ferrothorn\n|\n|upkeep\n|\n|t:|1791328910\n|switch|p1a: Dragonite|Dragonite, M|92/100\n|turn|28\n|\n|t:|1791328916\n|switch|p2a: Tapu Lele|Tapu Lele|76/100\n|-damage|p2a: Tapu Lele|63/100|[from] Spikes\n|-fieldstart|move: Psychic Terrain|[from] ability: Psychic Surge|[of] p2a: Tapu Lele\n|move|p1a: Dragonite|Earthquake|p2a: Tapu Lele\n|-damage|p2a: Tapu Lele|10/100\n|\n|upkeep\n|turn|29\n|\n|t:|1791328926\n|move|p2a: Tapu Lele|Moonblast|p1a: Dragonite\n|-supereffective|p1a: Dragonite\n|-damage|p1a: Dragonite|0 fnt\n|faint|p1a: Dragonite\n|\n|upkeep\n|\n|t:|1791328929\n|switch|p1a: Tapu Koko|Tapu Koko|100/100\n|-fieldstart|move: Electric Terrain|[from] ability: Electric Surge|[of] p1a: Tapu Koko\n|turn|30\n|\n|t:|1791328933\n|move|p1a: Tapu Koko|U-turn|p2a: Tapu Lele\n|-damage|p2a: Tapu Lele|0 fnt\n|faint|p2a: Tapu Lele\n|\n|t:|1791328937\n|switch|p1a: Landorus|Landorus-Therian, M|15/100|[from] U-turn\n|\n|upkeep\n|\n|t:|1791328940\n|switch|p2a: Dragapult|Dragapult, F|36/100\n|-damage|p2a: Dragapult|24/100|[from] Spikes\n|turn|31\n|\n|t:|1791328955\n|switch|p1a: Weavile|Weavile, M|100/100\n|-ability|p1a: Weavile|Pressure\n|move|p2a: Dragapult|Flamethrower|p1a: Weavile\n|-supereffective|p1a: Weavile\n|-crit|p1a: Weavile\n|-damage|p1a: Weavile|0 fnt\n|faint|p1a: Weavile\n|\n|upkeep\n|\n|t:|1791328961\n|switch|p1a: Tapu Koko|Tapu Koko|100/100\n|turn|32\n|\n|t:|1791328968\n|switch|p2a: Melmetal|Melmetal|59/100\n|-damage|p2a: Melmetal|46/100|[from] Spikes\n|move|p1a: Tapu Koko|Thunderbolt|p2a: Melmetal\n|-damage|p2a: Melmetal|2/100\n|\n|upkeep\n|turn|33\n|\n|t:|1791328973\n|move|p1a: Tapu Koko|Thunderbolt|p2a: Melmetal\n|-damage|p2a: Melmetal|0 fnt\n|faint|p2a: Melmetal\n|\n|upkeep\n|\n|t:|1791328976\n|switch|p2a: Dragapult|Dragapult, F|24/100\n|-damage|p2a: Dragapult|12/100|[from] Spikes\n|turn|34\n|\n|t:|1791328978\n|move|p1a: Tapu Koko|Dazzling Gleam|p2a: Dragapult\n|-supereffective|p2a: Dragapult\n|-damage|p2a: Dragapult|0 fnt\n|faint|p2a: Dragapult\n|\n|win|zygarde12\n|c|\u2606LogIce|gg\n|c|\u2606zygarde12|GG\n|c|\u2606zygarde12|gg\n", "uploadtime": 1791328988, "views": "34", "formatid": "gen8ou", "rating": null, "private": 0, "password": null}