{"id": "gen8ou-2692372386", "format": "[Gen 8] OU", "players": ["Dugtrio Is Broken", "bigolas222"], "log": "|j|\u2606Dugtrio Is Broken\n|j|\u2606bigolas222\n|inactive|Battle timer is ON: inactive players will automatically lose when time's up.\n|t:|1791064313\n|gametype|singles\n|player|p1|Dugtrio Is Broken|#splxviicryonicles2|\n|player|p2|bigolas222|iris-gen5bw2|\n|gen|8\n|tier|[Gen 8] OU\n|rated|Tournament battle\n|rule|HP Percentage Mod: HP is shown in percentages\n|rule|Endless Battle Clause: Forcing endless battles is banned\n|rule|Sleep Clause Mod: Limit one foe put to sleep\n|rule|Species Clause: Limit one of each Pok\u00e9mon\n|rule|OHKO Clause: OHKO moves are banned\n|rule|Evasion Items Clause: Evasion items are banned\n|rule|Evasion Moves Clause: Evasion moves are banned\n|rule|Dynamax Clause: You cannot dynamax\n|clearpoke\n|poke|p1|Tapu Lele|\n|poke|p1|Kartana|\n|poke|p1|Garchomp, F|\n|poke|p1|Tapu Fini|\n|poke|p1|Heatran, F|\n|poke|p1|Rotom-Wash|\n|poke|p2|Melmetal|\n|poke|p2|Landorus-Therian, M|\n|poke|p2|Tornadus-Therian, M|\n|poke|p2|Slowking-Galar, M|\n|poke|p2|Weavile, F|\n|poke|p2|Toxapex, M|\n|teampreview\n|inactive|Dugtrio Is Broken also wants the timer to be on.\n|j|+Mattz_\n|j| gvasco\n|c|\u2606Dugtrio Is Broken|Hf\n|j| butterfly in bloom\n|j| anos luz\n|c|\u2606bigolas222|u2\n|j| GRENINJA_mdm\n|j| SouCarlos\n|j| SV RIXK1_\n|j| Cataclyismo\n|j|+golpista\n|j| mipc\n|\n|t:|1791064343\n|teamsize|p1|6\n|teamsize|p2|6\n|start\n|switch|p1a: Tapu Lele|Tapu Lele|100/100\n|switch|p2a: Landorus|Landorus-Therian, M|100/100\n|-ability|p2a: Landorus|Intimidate|boost\n|-unboost|p1a: Tapu Lele|atk|1\n|-fieldstart|move: Psychic Terrain|[from] ability: Psychic Surge|[of] p1a: Tapu Lele\n|turn|1\n|j| AmoMeuPaieMinhaMae\n|\n|t:|1791064360\n|move|p2a: Landorus|U-turn|p1a: Tapu Lele\n|-damage|p1a: Tapu Lele|78/100\n|\n|t:|1791064367\n|switch|p2a: Slowking|Slowking-Galar, M|100/100|[from] U-turn\n|move|p1a: Tapu Lele|Calm Mind|p1a: Tapu Lele\n|-boost|p1a: Tapu Lele|spa|1\n|-boost|p1a: Tapu Lele|spd|1\n|\n|upkeep\n|turn|2\n|\n|t:|1791064377\n|move|p1a: Tapu Lele|Psyshock|p2a: Slowking\n|-damage|p2a: Slowking|3/100\n|-damage|p1a: Tapu Lele|68/100|[from] item: Life Orb\n|move|p2a: Slowking|Sludge Bomb|p1a: Tapu Lele\n|-supereffective|p1a: Tapu Lele\n|-damage|p1a: Tapu Lele|19/100\n|\n|upkeep\n|turn|3\n|\n|t:|1791064381\n|switch|p2a: Melmetal|Melmetal|100/100\n|move|p1a: Tapu Lele|Draining Kiss|p2a: Melmetal\n|-resisted|p2a: Melmetal\n|-damage|p2a: Melmetal|79/100\n|-heal|p1a: Tapu Lele|42/100|[from] drain|[of] p2a: Melmetal\n|-damage|p1a: Tapu Lele|32/100|[from] item: Life Orb\n|\n|-heal|p2a: Melmetal|85/100|[from] item: Leftovers\n|upkeep\n|turn|4\n|\n|t:|1791064386\n|move|p1a: Tapu Lele|Focus Blast|p2a: Melmetal\n|-supereffective|p2a: Melmetal\n|-damage|p2a: Melmetal|0 fnt\n|faint|p2a: Melmetal\n|-damage|p1a: Tapu Lele|22/100|[from] item: Life Orb\n|\n|upkeep\n|\n|t:|1791064389\n|switch|p2a: Weavile|Weavile, F|100/100\n|-ability|p2a: Weavile|Pressure\n|turn|5\n|\n|t:|1791064393\n|switch|p1a: Heatran|Heatran, F|100/100\n|move|p2a: Weavile|Knock Off|p1a: Heatran\n|-damage|p1a: Heatran|66/100\n|-status|p2a: Weavile|brn|[from] ability: Flame Body|[of] p1a: Heatran\n|-enditem|p1a: Heatran|Leftovers|[from] move: Knock Off|[of] p2a: Weavile\n|\n|-damage|p2a: Weavile|94/100 brn|[from] brn\n|-fieldend|move: Psychic Terrain\n|upkeep\n|turn|6\n|j| doso749\n|\n|t:|1791064420\n|switch|p2a: Slowking|Slowking-Galar, M|37/100\n|switch|p1a: Tapu Lele|Tapu Lele|22/100\n|-fieldstart|move: Psychic Terrain|[from] ability: Psychic Surge|[of] p1a: Tapu Lele\n|\n|upkeep\n|turn|7\n|\n|t:|1791064426\n|switch|p2a: Weavile|Weavile, F|94/100 brn\n|-ability|p2a: Weavile|Pressure\n|move|p1a: Tapu Lele|Draining Kiss|p2a: Weavile\n|-supereffective|p2a: Weavile\n|-damage|p2a: Weavile|5/100 brn\n|-heal|p1a: Tapu Lele|83/100|[from] drain|[of] p2a: Weavile\n|-damage|p1a: Tapu Lele|73/100|[from] item: Life Orb\n|\n|-damage|p2a: Weavile|0 fnt|[from] brn\n|faint|p2a: Weavile\n|upkeep\n|\n|t:|1791064430\n|switch|p2a: Landorus|Landorus-Therian, M|100/100\n|-ability|p2a: Landorus|Intimidate|boost\n|-unboost|p1a: Tapu Lele|atk|1\n|turn|8\n|\n|t:|1791064434\n|switch|p1a: Rotom|Rotom-Wash|100/100\n|move|p2a: Landorus|Earthquake|p1a: Rotom\n|-immune|p1a: Rotom|[from] ability: Levitate\n|\n|upkeep\n|turn|9\n|\n|t:|1791064439\n|move|p2a: Landorus|U-turn|p1a: Rotom\n|-damage|p1a: Rotom|84/100\n|\n|t:|1791064451\n|switch|p2a: Slowking|Slowking-Galar, M|70/100|[from] U-turn\n|move|p1a: Rotom|Hydro Pump|p2a: Slowking|[miss]\n|-miss|p1a: Rotom|p2a: Slowking\n|\n|-heal|p1a: Rotom|90/100|[from] item: Leftovers\n|upkeep\n|turn|10\n|\n|t:|1791064461\n|move|p1a: Rotom|Volt Switch|p2a: Slowking\n|-damage|p2a: Slowking|53/100\n|j| kauvlr7\n|\n|t:|1791064466\n|switch|p1a: Heatran|Heatran, F|66/100|[from] Volt Switch\n|move|p2a: Slowking|Future Sight|p1a: Heatran\n|-start|p2a: Slowking|move: Future Sight\n|\n|-fieldend|move: Psychic Terrain\n|upkeep\n|turn|11\n|\n|t:|1791064476\n|switch|p2a: Toxapex|Toxapex, M|100/100\n|move|p1a: Heatran|Stealth Rock|p2a: Toxapex\n|-sidestart|p2: bigolas222|move: Stealth Rock\n|\n|upkeep\n|turn|12\n|j| hxmo \u2764\ufe0e\n|j| astreau\n|\n|t:|1791064499\n|switch|p1a: Rotom|Rotom-Wash|90/100\n|switch|p2a: Slowking|Slowking-Galar, M|87/100\n|-damage|p2a: Slowking|74/100|[from] Stealth Rock\n|\n|-end|p1a: Rotom|move: Future Sight\n|-damage|p1a: Rotom|34/100\n|-heal|p1a: Rotom|40/100|[from] item: Leftovers\n|upkeep\n|turn|13\n|\n|t:|1791064504\n|move|p1a: Rotom|Volt Switch|p2a: Slowking\n|-damage|p2a: Slowking|57/100\n|\n|t:|1791064507\n|switch|p1a: Kartana|Kartana|100/100|[from] Volt Switch\n|move|p2a: Slowking|Future Sight|p1a: Kartana\n|-start|p2a: Slowking|move: Future Sight\n|\n|upkeep\n|turn|14\n|\n|t:|1791064516\n|switch|p2a: Toxapex|Toxapex, M|100/100\n|-damage|p2a: Toxapex|88/100|[from] Stealth Rock\n|move|p1a: Kartana|Swords Dance|p1a: Kartana\n|-boost|p1a: Kartana|atk|2\n|\n|upkeep\n|turn|15\n|\n|t:|1791064522\n|move|p1a: Kartana|Swords Dance|p1a: Kartana\n|-boost|p1a: Kartana|atk|2\n|move|p2a: Toxapex|Scald|p1a: Kartana\n|-resisted|p1a: Kartana\n|-damage|p1a: Kartana|77/100\n|\n|-end|p1a: Kartana|move: Future Sight\n|-resisted|p1a: Kartana\n|-damage|p1a: Kartana|0 fnt\n|faint|p1a: Kartana\n|upkeep\n|\n|t:|1791064528\n|switch|p1a: Tapu Lele|Tapu Lele|73/100\n|-fieldstart|move: Psychic Terrain|[from] ability: Psychic Surge|[of] p1a: Tapu Lele\n|turn|16\n|\n|t:|1791064531\n|move|p1a: Tapu Lele|Psyshock|p2a: Toxapex\n|-supereffective|p2a: Toxapex\n|-damage|p2a: Toxapex|0 fnt\n|faint|p2a: Toxapex\n|-damage|p1a: Tapu Lele|63/100|[from] item: Life Orb\n|\n|upkeep\n|\n|t:|1791064536\n|switch|p2a: Landorus|Landorus-Therian, M|100/100\n|-damage|p2a: Landorus|88/100|[from] Stealth Rock\n|-ability|p2a: Landorus|Intimidate|boost\n|-unboost|p1a: Tapu Lele|atk|1\n|turn|17\n|\n|t:|1791064540\n|switch|p1a: Rotom|Rotom-Wash|40/100\n|move|p2a: Landorus|U-turn|p1a: Rotom\n|-damage|p1a: Rotom|23/100\n|\n|t:|1791064543\n|switch|p2a: Slowking|Slowking-Galar, M|91/100|[from] U-turn\n|-damage|p2a: Slowking|78/100|[from] Stealth Rock\n|\n|-heal|p1a: Rotom|29/100|[from] item: Leftovers\n|upkeep\n|turn|18\n|\n|t:|1791064546\n|move|p1a: Rotom|Volt Switch|p2a: Slowking\n|-damage|p2a: Slowking|61/100\n|\n|t:|1791064547\n|switch|p1a: Heatran|Heatran, F|66/100|[from] Volt Switch\n|move|p2a: Slowking|Future Sight|p1a: Heatran\n|-start|p2a: Slowking|move: Future Sight\n|\n|upkeep\n|turn|19\n|\n|t:|1791064555\n|switch|p2a: Tornadus|Tornadus-Therian, M|100/100\n|move|p1a: Heatran|Magma Storm|p2a: Tornadus\n|-damage|p2a: Tornadus|56/100\n|-activate|p2a: Tornadus|move: Magma Storm|[of] p1a: Heatran\n|\n|-damage|p2a: Tornadus|44/100|[from] move: Magma Storm|[partiallytrapped]\n|upkeep\n|turn|20\n|\n|t:|1791064561\n|move|p2a: Tornadus|Knock Off|p1a: Heatran\n|-damage|p1a: Heatran|55/100\n|-status|p2a: Tornadus|brn|[from] ability: Flame Body|[of] p1a: Heatran\n|move|p1a: Heatran|Magma Storm|p2a: Tornadus\n|-damage|p2a: Tornadus|0 fnt\n|faint|p2a: Tornadus\n|\n|-end|p1a: Heatran|move: Future Sight\n|-resisted|p1a: Heatran\n|-damage|p1a: Heatran|32/100\n|-fieldend|move: Psychic Terrain\n|upkeep\n|\n|t:|1791064565\n|switch|p2a: Landorus|Landorus-Therian, M|88/100\n|-damage|p2a: Landorus|76/100|[from] Stealth Rock\n|-ability|p2a: Landorus|Intimidate|boost\n|-unboost|p1a: Heatran|atk|1\n|turn|21\n|\n|t:|1791064570\n|move|p2a: Landorus|U-turn|p1a: Heatran\n|-resisted|p1a: Heatran\n|-crit|p1a: Heatran\n|-damage|p1a: Heatran|25/100\n|l| anos luz\n|\n|t:|1791064583\n|switch|p2a: Slowking|Slowking-Galar, M|95/100|[from] U-turn\n|-damage|p2a: Slowking|82/100|[from] Stealth Rock\n|move|p1a: Heatran|Magma Storm|p2a: Slowking\n|-damage|p2a: Slowking|53/100\n|-activate|p2a: Slowking|move: Magma Storm|[of] p1a: Heatran\n|\n|-damage|p2a: Slowking|40/100|[from] move: Magma Storm|[partiallytrapped]\n|upkeep\n|turn|22\n|\n|t:|1791064592\n|move|p1a: Heatran|Heavy Slam|p2a: Slowking\n|-damage|p2a: Slowking|17/100\n|move|p2a: Slowking|Scald|p1a: Heatran\n|-supereffective|p1a: Heatran\n|-damage|p1a: Heatran|0 fnt\n|faint|p1a: Heatran\n|\n|-end|p2a: Slowking|Magma Storm|[partiallytrapped]|[silent]\n|upkeep\n|\n|t:|1791064597\n|switch|p1a: Tapu Fini|Tapu Fini|100/100\n|-fieldstart|move: Misty Terrain|[from] ability: Misty Surge|[of] p1a: Tapu Fini\n|turn|23\n|\n|t:|1791064603\n|switch|p2a: Landorus|Landorus-Therian, M|76/100\n|-damage|p2a: Landorus|63/100|[from] Stealth Rock\n|-ability|p2a: Landorus|Intimidate|boost\n|-unboost|p1a: Tapu Fini|atk|1\n|move|p1a: Tapu Fini|Surf|p2a: Landorus\n|-supereffective|p2a: Landorus\n|-damage|p2a: Landorus|0 fnt\n|faint|p2a: Landorus\n|\n|upkeep\n|\n|t:|1791064604\n|switch|p2a: Slowking|Slowking-Galar, M|51/100\n|-damage|p2a: Slowking|38/100|[from] Stealth Rock\n|turn|24\n|\n|t:|1791064608\n|move|p1a: Tapu Fini|Surf|p2a: Slowking\n|-damage|p2a: Slowking|16/100\n|move|p2a: Slowking|Sludge Bomb|p1a: Tapu Fini\n|-supereffective|p1a: Tapu Fini\n|-damage|p1a: Tapu Fini|38/100\n|\n|upkeep\n|turn|25\n|\n|t:|1791064610\n|move|p1a: Tapu Fini|Surf|p2a: Slowking\n|-damage|p2a: Slowking|0 fnt\n|faint|p2a: Slowking\n|\n|win|Dugtrio Is Broken\n|n|\u2606Dugtrio Is Broken|dugtrioisbroken\n|n|\u2606bigolas222|bigolas222\n|n| Mattz_|mattz\n|n| gvasco|gvasco\n|n| butterfly in bloom|butterflyinbloom\n|n| GRENINJA_mdm|greninjamdm\n|n| SouCarlos|soucarlos\n|n| SV RIXK1_|svrixk1\n|n| Cataclyismo|cataclyismo\n|n| golpista|golpista\n|n| mipc|mipc\n|n| AmoMeuPaieMinhaMae|amomeupaieminhamae\n|n| doso749|doso749\n|n| kauvlr7|kauvlr7\n|n| hxmo \u2764\ufe0e|hxmo\n|n| astreau|astreau\n|c|\u2606Dugtrio Is Broken|Gg\n|l| gvasco\n", "uploadtime": 1791064614, "views": "6", "formatid": "gen8ou", "rating": null, "private": 0, "password": null}