{"id": "gen8ou-2692374643", "format": "[Gen 8] OU", "players": ["Dugtrio Is Broken", "butterfly in bloom"], "log": "|j|\u2606Dugtrio Is Broken\n|j|\u2606butterfly in bloom\n|inactive|Battle timer is ON: inactive players will automatically lose when time's up.\n|t:|1791064646\n|gametype|singles\n|player|p1|Dugtrio Is Broken|#splxviicryonicles2|\n|player|p2|butterfly in bloom|parasollady|\n|gen|8\n|tier|[Gen 8] OU\n|rated|Tournament battle\n|rule|HP Percentage Mod: HP is shown in percentages\n|rule|Endless Battle Clause: Forcing endless battles is banned\n|rule|Sleep Clause Mod: Limit one foe put to sleep\n|rule|Species Clause: Limit one of each Pok\u00e9mon\n|rule|OHKO Clause: OHKO moves are banned\n|rule|Evasion Items Clause: Evasion items are banned\n|rule|Evasion Moves Clause: Evasion moves are banned\n|rule|Dynamax Clause: You cannot dynamax\n|clearpoke\n|poke|p1|Weavile, M|\n|poke|p1|Zapdos|\n|poke|p1|Kartana|\n|poke|p1|Toxapex, F|\n|poke|p1|Heatran, F|\n|poke|p1|Landorus-Therian, M|\n|poke|p2|Ninetales-Alola, F|\n|poke|p2|Arctozolt|\n|poke|p2|Dragapult, M|\n|poke|p2|Melmetal|\n|poke|p2|Landorus-Therian, M|\n|poke|p2|Volcanion|\n|teampreview\n|inactive|Dugtrio Is Broken also wants the timer to be on.\n|j| GRENINJA_mdm\n|j| AmoMeuPaieMinhaMae\n|j| NinjaCaro\n|j|+golpista\n|c|\u2606butterfly in bloom|hf\n|j| SV RIXK1_\n|j| gvasco\n|c|\u2606Dugtrio Is Broken|Hf\n|j|+Mattz_\n|j| doso749\n|j| Cataclyismo\n|c| doso749|mattz_\n|j| SouCarlos\n|inactive|Dugtrio Is Broken has 120 seconds left.\n|c|\u2606butterfly in bloom|clbc doso\n|c|\u2606butterfly in bloom|<3\n|j| anos luz\n|\n|t:|1791064692\n|teamsize|p1|6\n|teamsize|p2|6\n|start\n|switch|p1a: Kartana|Kartana|100/100\n|switch|p2a: Ninetales|Ninetales-Alola, F|100/100\n|-weather|Hail|[from] ability: Snow Warning|[of] p2a: Ninetales\n|turn|1\n|\n|t:|1791064701\n|switch|p2a: Landorus|Landorus-Therian, M|100/100\n|-ability|p2a: Landorus|Intimidate|boost\n|-unboost|p1a: Kartana|atk|1\n|move|p1a: Kartana|Swords Dance|p1a: Kartana\n|-boost|p1a: Kartana|atk|2\n|\n|-weather|Hail|[upkeep]\n|-damage|p1a: Kartana|94/100|[from] Hail\n|-damage|p2a: Landorus|94/100|[from] Hail\n|-heal|p2a: Landorus|100/100|[from] item: Leftovers\n|upkeep\n|turn|2\n|\n|t:|1791064705\n|move|p1a: Kartana|Leaf Blade|p2a: Landorus\n|-crit|p2a: Landorus\n|-damage|p2a: Landorus|0 fnt\n|faint|p2a: Landorus\n|-ability|p1a: Kartana|Beast Boost|boost\n|-boost|p1a: Kartana|atk|1\n|\n|-weather|Hail|[upkeep]\n|-damage|p1a: Kartana|88/100|[from] Hail\n|upkeep\n|\n|t:|1791064718\n|switch|p2a: Melmetal|Melmetal|100/100\n|turn|3\n|\n|t:|1791064721\n|move|p1a: Kartana|Sacred Sword|p2a: Melmetal\n|-supereffective|p2a: Melmetal\n|-damage|p2a: Melmetal|0 fnt\n|faint|p2a: Melmetal\n|-ability|p1a: Kartana|Beast Boost|boost\n|-boost|p1a: Kartana|atk|1\n|\n|-weather|Hail|[upkeep]\n|-damage|p1a: Kartana|82/100|[from] Hail\n|upkeep\n|\n|t:|1791064725\n|switch|p2a: Arctozolt|Arctozolt|100/100\n|turn|4\n|\n|t:|1791064729\n|switch|p1a: Toxapex|Toxapex, F|100/100\n|move|p2a: Arctozolt|Blizzard|p1a: Toxapex\n|-resisted|p1a: Toxapex\n|-damage|p1a: Toxapex|84/100\n|\n|-weather|Hail|[upkeep]\n|-damage|p1a: Toxapex|77/100|[from] Hail\n|-heal|p1a: Toxapex|84/100|[from] item: Black Sludge\n|upkeep\n|turn|5\n|\n|t:|1791064734\n|switch|p1a: Landorus|Landorus-Therian, M|100/100\n|-ability|p1a: Landorus|Intimidate|boost\n|-unboost|p2a: Arctozolt|atk|1\n|move|p2a: Arctozolt|Bolt Beak|p1a: Landorus\n|-immune|p1a: Landorus\n|\n|-weather|Hail|[upkeep]\n|-damage|p1a: Landorus|94/100|[from] Hail\n|-heal|p1a: Landorus|100/100|[from] item: Leftovers\n|upkeep\n|turn|6\n|\n|t:|1791064739\n|switch|p1a: Heatran|Heatran, F|100/100\n|move|p2a: Arctozolt|Blizzard|p1a: Heatran\n|-resisted|p1a: Heatran\n|-damage|p1a: Heatran|94/100\n|\n|-weather|Hail|[upkeep]\n|-damage|p1a: Heatran|88/100|[from] Hail\n|-heal|p1a: Heatran|94/100|[from] item: Leftovers\n|upkeep\n|turn|7\n|\n|t:|1791064744\n|switch|p2a: Volcanion|Volcanion|100/100\n|move|p1a: Heatran|Stealth Rock|p2a: Volcanion\n|-sidestart|p2: butterfly in bloom|move: Stealth Rock\n|\n|-weather|Hail|[upkeep]\n|-damage|p2a: Volcanion|94/100|[from] Hail\n|-damage|p1a: Heatran|88/100|[from] Hail\n|-heal|p1a: Heatran|94/100|[from] item: Leftovers\n|upkeep\n|turn|8\n|\n|t:|1791064763\n|switch|p1a: Toxapex|Toxapex, F|100/100\n|move|p2a: Volcanion|Steam Eruption|p1a: Toxapex\n|-resisted|p1a: Toxapex\n|-damage|p1a: Toxapex|62/100\n|-status|p1a: Toxapex|brn\n|\n|-weather|none\n|-heal|p1a: Toxapex|68/100 brn|[from] item: Black Sludge\n|-damage|p1a: Toxapex|62/100 brn|[from] brn\n|upkeep\n|turn|9\n|\n|t:|1791064771\n|switch|p2a: Ninetales|Ninetales-Alola, F|100/100\n|-damage|p2a: Ninetales|76/100|[from] Stealth Rock\n|-weather|Hail|[from] ability: Snow Warning|[of] p2a: Ninetales\n|move|p1a: Toxapex|Recover|p1a: Toxapex\n|-heal|p1a: Toxapex|100/100 brn\n|\n|-weather|Hail|[upkeep]\n|-damage|p1a: Toxapex|94/100 brn|[from] Hail\n|-heal|p1a: Toxapex|100/100 brn|[from] item: Black Sludge\n|-damage|p1a: Toxapex|94/100 brn|[from] brn\n|upkeep\n|turn|10\n|\n|t:|1791064776\n|switch|p1a: Heatran|Heatran, F|94/100\n|move|p2a: Ninetales|Aurora Veil|p2a: Ninetales\n|-sidestart|p2: butterfly in bloom|move: Aurora Veil\n|\n|-weather|Hail|[upkeep]\n|-damage|p1a: Heatran|88/100|[from] Hail\n|-heal|p1a: Heatran|94/100|[from] item: Leftovers\n|upkeep\n|turn|11\n|\n|t:|1791064786\n|switch|p2a: Volcanion|Volcanion|94/100\n|-damage|p2a: Volcanion|69/100|[from] Stealth Rock\n|switch|p1a: Toxapex|Toxapex, F|100/100 brn\n|\n|-weather|Hail|[upkeep]\n|-damage|p2a: Volcanion|63/100|[from] Hail\n|-damage|p1a: Toxapex|94/100 brn|[from] Hail\n|-heal|p1a: Toxapex|100/100 brn|[from] item: Black Sludge\n|-damage|p1a: Toxapex|94/100 brn|[from] brn\n|upkeep\n|turn|12\n|\n|t:|1791064793\n|switch|p1a: Zapdos|Zapdos|100/100\n|move|p2a: Volcanion|Earth Power|p1a: Zapdos\n|-immune|p1a: Zapdos\n|\n|-weather|Hail|[upkeep]\n|-damage|p1a: Zapdos|94/100|[from] Hail\n|-damage|p2a: Volcanion|57/100|[from] Hail\n|upkeep\n|turn|13\n|\n|t:|1791064799\n|switch|p2a: Arctozolt|Arctozolt|100/100\n|-damage|p2a: Arctozolt|76/100|[from] Stealth Rock\n|move|p1a: Zapdos|Heat Wave|p2a: Arctozolt\n|-supereffective|p2a: Arctozolt\n|-damage|p2a: Arctozolt|2/100\n|\n|-weather|Hail|[upkeep]\n|-damage|p1a: Zapdos|88/100|[from] Hail\n|-heal|p2a: Arctozolt|8/100|[from] item: Leftovers\n|upkeep\n|turn|14\n|\n|t:|1791064806\n|move|p2a: Arctozolt|Blizzard|p1a: Zapdos\n|-supereffective|p1a: Zapdos\n|-damage|p1a: Zapdos|0 fnt\n|faint|p1a: Zapdos\n|\n|-weather|Hail|[upkeep]\n|-heal|p2a: Arctozolt|15/100|[from] item: Leftovers\n|-sideend|p2: butterfly in bloom|move: Aurora Veil\n|upkeep\n|\n|t:|1791064814\n|switch|p1a: Weavile|Weavile, M|100/100\n|-ability|p1a: Weavile|Pressure\n|turn|15\n|\n|t:|1791064818\n|move|p1a: Weavile|Ice Shard|p2a: Arctozolt\n|-resisted|p2a: Arctozolt\n|-damage|p2a: Arctozolt|0 fnt\n|faint|p2a: Arctozolt\n|\n|-weather|Hail|[upkeep]\n|upkeep\n|\n|t:|1791064823\n|switch|p2a: Volcanion|Volcanion|57/100\n|-damage|p2a: Volcanion|32/100|[from] Stealth Rock\n|turn|16\n|\n|t:|1791064826\n|switch|p1a: Toxapex|Toxapex, F|100/100 brn\n|move|p2a: Volcanion|Steam Eruption|p1a: Toxapex\n|-resisted|p1a: Toxapex\n|-damage|p1a: Toxapex|63/100 brn\n|\n|-weather|none\n|-heal|p1a: Toxapex|69/100 brn|[from] item: Black Sludge\n|-damage|p1a: Toxapex|63/100 brn|[from] brn\n|upkeep\n|turn|17\n|\n|t:|1791064830\n|move|p2a: Volcanion|Steam Eruption|p1a: Toxapex\n|-resisted|p1a: Toxapex\n|-damage|p1a: Toxapex|28/100 brn\n|move|p1a: Toxapex|Scald|p2a: Volcanion\n|-heal|p2a: Volcanion|57/100|[from] ability: Water Absorb|[of] p1a: Toxapex\n|\n|-heal|p1a: Toxapex|35/100 brn|[from] item: Black Sludge\n|-damage|p1a: Toxapex|28/100 brn|[from] brn\n|upkeep\n|turn|18\n|\n|t:|1791064841\n|switch|p1a: Landorus|Landorus-Therian, M|100/100\n|-ability|p1a: Landorus|Intimidate|boost\n|-unboost|p2a: Volcanion|atk|1\n|move|p2a: Volcanion|Steam Eruption|p1a: Landorus\n|-supereffective|p1a: Landorus\n|-damage|p1a: Landorus|0 fnt\n|faint|p1a: Landorus\n|\n|upkeep\n|j| hxmo \u2764\ufe0e\n|\n|t:|1791064843\n|switch|p1a: Weavile|Weavile, M|100/100\n|-ability|p1a: Weavile|Pressure\n|turn|19\n|\n|t:|1791064846\n|move|p1a: Weavile|Knock Off|p2a: Volcanion\n|-damage|p2a: Volcanion|0 fnt\n|-enditem|p2a: Volcanion|Choice Specs|[from] move: Knock Off|[of] p1a: Weavile\n|faint|p2a: Volcanion\n|\n|upkeep\n|\n|t:|1791064850\n|switch|p2a: Ninetales|Ninetales-Alola, F|76/100\n|-damage|p2a: Ninetales|51/100|[from] Stealth Rock\n|-weather|Hail|[from] ability: Snow Warning|[of] p2a: Ninetales\n|turn|20\n|\n|t:|1791064854\n|move|p1a: Weavile|Knock Off|p2a: Ninetales\n|-resisted|p2a: Ninetales\n|-damage|p2a: Ninetales|2/100\n|-enditem|p2a: Ninetales|Icy Rock|[from] move: Knock Off|[of] p1a: Weavile\n|move|p2a: Ninetales|Moonblast|p1a: Weavile\n|-supereffective|p1a: Weavile\n|-damage|p1a: Weavile|14/100\n|-unboost|p1a: Weavile|spa|1\n|\n|-weather|Hail|[upkeep]\n|upkeep\n|turn|21\n|\n|t:|1791064856\n|move|p1a: Weavile|Knock Off|p2a: Ninetales\n|-resisted|p2a: Ninetales\n|-crit|p2a: Ninetales\n|-damage|p2a: Ninetales|0 fnt\n|faint|p2a: Ninetales\n|\n|-weather|Hail|[upkeep]\n|upkeep\n|\n|t:|1791064858\n|switch|p2a: Dragapult|Dragapult, M|100/100\n|-damage|p2a: Dragapult|88/100|[from] Stealth Rock\n|turn|22\n|\n|t:|1791064862\n|switch|p1a: Heatran|Heatran, F|94/100\n|move|p2a: Dragapult|Shadow Ball|p1a: Heatran\n|-damage|p1a: Heatran|63/100\n|\n|-weather|Hail|[upkeep]\n|-damage|p2a: Dragapult|82/100|[from] Hail\n|-damage|p1a: Heatran|56/100|[from] Hail\n|-heal|p1a: Heatran|63/100|[from] item: Leftovers\n|upkeep\n|turn|23\n|\n|t:|1791064864\n|move|p2a: Dragapult|Shadow Ball|p1a: Heatran\n|-damage|p1a: Heatran|28/100\n|move|p1a: Heatran|Earth Power|p2a: Dragapult\n|-damage|p2a: Dragapult|49/100\n|\n|-weather|Hail|[upkeep]\n|-damage|p2a: Dragapult|43/100|[from] Hail\n|-damage|p1a: Heatran|22/100|[from] Hail\n|-heal|p1a: Heatran|28/100|[from] item: Leftovers\n|upkeep\n|turn|24\n|\n|t:|1791064867\n|move|p2a: Dragapult|Shadow Ball|p1a: Heatran\n|-damage|p1a: Heatran|0 fnt\n|faint|p1a: Heatran\n|\n|-weather|Hail|[upkeep]\n|-damage|p2a: Dragapult|37/100|[from] Hail\n|upkeep\n|\n|t:|1791064868\n|switch|p1a: Weavile|Weavile, M|14/100\n|-ability|p1a: Weavile|Pressure\n|turn|25\n|c|\u2606Dugtrio Is Broken|Gg\n|\n|t:|1791064872\n|move|p1a: Weavile|Ice Shard|p2a: Dragapult\n|-supereffective|p2a: Dragapult\n|-damage|p2a: Dragapult|0 fnt\n|faint|p2a: Dragapult\n|\n|win|Dugtrio Is Broken\n|n|\u2606Dugtrio Is Broken|dugtrioisbroken\n|n|\u2606butterfly in bloom|butterflyinbloom\n|n| GRENINJA_mdm|greninjamdm\n|n| AmoMeuPaieMinhaMae|amomeupaieminhamae\n|n| NinjaCaro|ninjacaro\n|n| golpista|golpista\n|n| SV RIXK1_|svrixk1\n|n| gvasco|gvasco\n|n| Mattz_|mattz\n|n| doso749|doso749\n|n| Cataclyismo|cataclyismo\n|n| SouCarlos|soucarlos\n|n| anos luz|anosluz\n|n| hxmo \u2764\ufe0e|hxmo\n|l| anos luz\n|c|\u2606butterfly in bloom|gg\n|l| Mattz_\n", "uploadtime": 1791064872, "views": "12", "formatid": "gen8ou", "rating": null, "private": 0, "password": null}