{"id": "gen8ou-2690742819", "format": "[Gen 8] OU", "players": ["machom99", "rtawefger"], "log": "|j|\u2606machom99\n|j|\u2606rtawefger\n|t:|1790814197\n|gametype|singles\n|player|p1|machom99|psychic-gen4|1111\n|player|p2|rtawefger|265|1053\n|gen|8\n|tier|[Gen 8] OU\n|rated|\n|rule|HP Percentage Mod: HP is shown in percentages\n|rule|Endless Battle Clause: Forcing endless battles is banned\n|rule|Sleep Clause Mod: Limit one foe put to sleep\n|rule|Species Clause: Limit one of each Pok\u00e9mon\n|rule|OHKO Clause: OHKO moves are banned\n|rule|Evasion Items Clause: Evasion items are banned\n|rule|Evasion Moves Clause: Evasion moves are banned\n|rule|Dynamax Clause: You cannot dynamax\n|clearpoke\n|poke|p1|Tapu Koko|\n|poke|p1|Excadrill, M|\n|poke|p1|Thundurus, M|\n|poke|p1|Zeraora|\n|poke|p1|Heatran, M|\n|poke|p1|Xurkitree|\n|poke|p2|Dragapult, F|\n|poke|p2|Urshifu-*, F|\n|poke|p2|Tapu Lele|\n|poke|p2|Landorus-Therian, M|\n|poke|p2|Zapdos|\n|poke|p2|Melmetal|\n|teampreview\n|\n|t:|1790814214\n|teamsize|p1|6\n|teamsize|p2|6\n|start\n|switch|p1a: Thundurus|Thundurus, M, shiny|100/100\n|switch|p2a: Urshifu|Urshifu-Rapid-Strike, F|100/100\n|turn|1\n|\n|t:|1790814221\n|switch|p2a: Landorus|Landorus-Therian, M|100/100\n|-ability|p2a: Landorus|Intimidate|boost\n|-unboost|p1a: Thundurus|atk|1\n|move|p1a: Thundurus|Thunderbolt|p2a: Landorus\n|-immune|p2a: Landorus\n|\n|upkeep\n|turn|2\n|\n|t:|1790814228\n|move|p1a: Thundurus|Substitute|p1a: Thundurus\n|-start|p1a: Thundurus|Substitute\n|-damage|p1a: Thundurus|76/100\n|move|p2a: Landorus|Stealth Rock|p1a: Thundurus\n|-sidestart|p1: machom99|move: Stealth Rock\n|\n|-heal|p1a: Thundurus|82/100|[from] item: Leftovers\n|upkeep\n|turn|3\n|\n|t:|1790814231\n|move|p1a: Thundurus|Nasty Plot|p1a: Thundurus\n|-boost|p1a: Thundurus|spa|2\n|move|p2a: Landorus|Knock Off|p1a: Thundurus\n|-end|p1a: Thundurus|Substitute\n|\n|-heal|p1a: Thundurus|88/100|[from] item: Leftovers\n|upkeep\n|turn|4\n|\n|t:|1790814235\n|move|p1a: Thundurus|Dark Pulse|p2a: Landorus\n|-damage|p2a: Landorus|61/100\n|cant|p2a: Landorus|flinch\n|\n|-heal|p1a: Thundurus|94/100|[from] item: Leftovers\n|-heal|p2a: Landorus|67/100|[from] item: Leftovers\n|upkeep\n|turn|5\n|\n|t:|1790814240\n|move|p1a: Thundurus|Substitute|p1a: Thundurus\n|-start|p1a: Thundurus|Substitute\n|-damage|p1a: Thundurus|69/100\n|move|p2a: Landorus|U-turn|p1a: Thundurus\n|-resisted|p1a: Thundurus\n|-activate|p1a: Thundurus|move: Substitute|[damage]\n|\n|t:|1790814254\n|switch|p2a: Urshifu|Urshifu-Rapid-Strike, F|100/100|[from] U-turn\n|\n|-heal|p1a: Thundurus|75/100|[from] item: Leftovers\n|upkeep\n|turn|6\n|\n|t:|1790814260\n|switch|p2a: Landorus|Landorus-Therian, M|67/100\n|-ability|p2a: Landorus|Intimidate|boost\n|-immune|p1a: Thundurus\n|move|p1a: Thundurus|Thunderbolt|p2a: Landorus\n|-immune|p2a: Landorus\n|\n|-heal|p1a: Thundurus|81/100|[from] item: Leftovers\n|-heal|p2a: Landorus|73/100|[from] item: Leftovers\n|upkeep\n|turn|7\n|\n|t:|1790814279\n|move|p1a: Thundurus|Nasty Plot|p1a: Thundurus\n|-boost|p1a: Thundurus|spa|2\n|move|p2a: Landorus|Knock Off|p1a: Thundurus\n|-end|p1a: Thundurus|Substitute\n|\n|-heal|p1a: Thundurus|87/100|[from] item: Leftovers\n|-heal|p2a: Landorus|79/100|[from] item: Leftovers\n|upkeep\n|turn|8\n|\n|t:|1790814290\n|move|p1a: Thundurus|Dark Pulse|p2a: Landorus\n|-damage|p2a: Landorus|14/100\n|move|p2a: Landorus|Knock Off|p1a: Thundurus\n|-damage|p1a: Thundurus|38/100\n|-enditem|p1a: Thundurus|Leftovers|[from] move: Knock Off|[of] p2a: Landorus\n|\n|-heal|p2a: Landorus|20/100|[from] item: Leftovers\n|upkeep\n|turn|9\n|\n|t:|1790814308\n|move|p1a: Thundurus|Dark Pulse|p2a: Landorus\n|-damage|p2a: Landorus|0 fnt\n|faint|p2a: Landorus\n|\n|upkeep\n|\n|t:|1790814315\n|switch|p2a: Urshifu|Urshifu-Rapid-Strike, F|100/100\n|turn|10\n|\n|t:|1790814324\n|move|p2a: Urshifu|Aqua Jet|p1a: Thundurus\n|-damage|p1a: Thundurus|0 fnt\n|faint|p1a: Thundurus\n|\n|upkeep\n|\n|t:|1790814331\n|switch|p1a: Tapu Koko|Tapu Koko, shiny|100/100\n|-damage|p1a: Tapu Koko|88/100|[from] Stealth Rock\n|-fieldstart|move: Electric Terrain|[from] ability: Electric Surge|[of] p1a: Tapu Koko\n|turn|11\n|\n|t:|1790814347\n|switch|p2a: Dragapult|Dragapult, F|100/100\n|move|p1a: Tapu Koko|Volt Switch|p2a: Dragapult\n|-resisted|p2a: Dragapult\n|-damage|p2a: Dragapult|62/100\n|\n|t:|1790814352\n|switch|p1a: Excadrill|Excadrill, M, shiny|100/100|[from] Volt Switch\n|-damage|p1a: Excadrill|97/100|[from] Stealth Rock\n|-ability|p1a: Excadrill|Mold Breaker\n|\n|upkeep\n|turn|12\n|\n|t:|1790814374\n|switch|p1a: Xurkitree|Xurkitree, shiny|100/100\n|-damage|p1a: Xurkitree|88/100|[from] Stealth Rock\n|move|p2a: Dragapult|Flamethrower|p1a: Xurkitree\n|-damage|p1a: Xurkitree|27/100\n|\n|upkeep\n|turn|13\n|\n|t:|1790814385\n|switch|p2a: Urshifu|Urshifu-Rapid-Strike, F|100/100\n|move|p1a: Xurkitree|Dazzling Gleam|p2a: Urshifu\n|-supereffective|p2a: Urshifu\n|-damage|p2a: Urshifu|0 fnt\n|faint|p2a: Urshifu\n|-ability|p1a: Xurkitree|Beast Boost|boost\n|-boost|p1a: Xurkitree|spa|1\n|\n|upkeep\n|\n|t:|1790814392\n|switch|p2a: Melmetal|Melmetal|100/100\n|turn|14\n|\n|t:|1790814401\n|switch|p1a: Heatran|Heatran, M, shiny|100/100\n|-damage|p1a: Heatran|88/100|[from] Stealth Rock\n|-item|p1a: Heatran|Air Balloon\n|move|p2a: Melmetal|Earthquake|p1a: Heatran\n|-immune|p1a: Heatran\n|\n|upkeep\n|turn|15\n|\n|t:|1790814410\n|switch|p2a: Dragapult|Dragapult, F|62/100\n|move|p1a: Heatran|Earth Power|p2a: Dragapult\n|-damage|p2a: Dragapult|18/100\n|\n|-fieldend|move: Electric Terrain\n|upkeep\n|turn|16\n|\n|t:|1790814416\n|move|p2a: Dragapult|Shadow Ball|p1a: Heatran\n|-damage|p1a: Heatran|37/100\n|-enditem|p1a: Heatran|Air Balloon\n|move|p1a: Heatran|Dark Pulse|p2a: Dragapult\n|-supereffective|p2a: Dragapult\n|-damage|p2a: Dragapult|0 fnt\n|faint|p2a: Dragapult\n|\n|upkeep\n|\n|t:|1790814437\n|switch|p2a: Melmetal|Melmetal|100/100\n|turn|17\n|\n|t:|1790814442\n|move|p1a: Heatran|Earth Power|p2a: Melmetal\n|-supereffective|p2a: Melmetal\n|-damage|p2a: Melmetal|39/100\n|move|p2a: Melmetal|Earthquake|p1a: Heatran\n|-supereffective|p1a: Heatran\n|-damage|p1a: Heatran|0 fnt\n|faint|p1a: Heatran\n|\n|-heal|p2a: Melmetal|46/100|[from] item: Leftovers\n|upkeep\n|\n|t:|1790814446\n|switch|p1a: Excadrill|Excadrill, M, shiny|97/100\n|-damage|p1a: Excadrill|94/100|[from] Stealth Rock\n|-ability|p1a: Excadrill|Mold Breaker\n|turn|18\n|\n|t:|1790814456\n|switch|p2a: Zapdos|Zapdos|100/100\n|move|p1a: Excadrill|Rapid Spin|p2a: Zapdos\n|-damage|p2a: Zapdos|80/100\n|-boost|p1a: Excadrill|spe|1\n|-sideend|p1: machom99|Stealth Rock|[from] move: Rapid Spin|[of] p1a: Excadrill\n|\n|upkeep\n|turn|19\n|\n|t:|1790814466\n|move|p1a: Excadrill|Rapid Spin|p2a: Zapdos\n|-damage|p2a: Zapdos|57/100\n|-boost|p1a: Excadrill|spe|1\n|move|p2a: Zapdos|Volt Switch|p1a: Excadrill\n|-immune|p1a: Excadrill\n|\n|upkeep\n|turn|20\n|\n|t:|1790814483\n|move|p1a: Excadrill|Rapid Spin|p2a: Zapdos\n|-damage|p2a: Zapdos|35/100\n|-boost|p1a: Excadrill|spe|1\n|move|p2a: Zapdos|Roost|p2a: Zapdos\n|-heal|p2a: Zapdos|85/100\n|-singleturn|p2a: Zapdos|move: Roost\n|\n|upkeep\n|turn|21\n|\n|t:|1790814488\n|move|p1a: Excadrill|Rapid Spin|p2a: Zapdos\n|-damage|p2a: Zapdos|63/100\n|-boost|p1a: Excadrill|spe|1\n|-status|p1a: Excadrill|par|[from] ability: Static|[of] p2a: Zapdos\n|move|p2a: Zapdos|Heat Wave|p1a: Excadrill\n|-supereffective|p1a: Excadrill\n|-damage|p1a: Excadrill|40/100 par\n|\n|upkeep\n|turn|22\n|\n|t:|1790814490\n|move|p1a: Excadrill|Rapid Spin|p2a: Zapdos\n|-damage|p2a: Zapdos|41/100\n|-boost|p1a: Excadrill|spe|1\n|move|p2a: Zapdos|Roost|p2a: Zapdos\n|-heal|p2a: Zapdos|91/100\n|-singleturn|p2a: Zapdos|move: Roost\n|\n|upkeep\n|turn|23\n|\n|t:|1790814493\n|move|p1a: Excadrill|Rapid Spin|p2a: Zapdos\n|-damage|p2a: Zapdos|69/100\n|-boost|p1a: Excadrill|spe|1\n|move|p2a: Zapdos|Heat Wave|p1a: Excadrill\n|-supereffective|p1a: Excadrill\n|-damage|p1a: Excadrill|0 fnt\n|faint|p1a: Excadrill\n|\n|upkeep\n|\n|t:|1790814500\n|switch|p1a: Tapu Koko|Tapu Koko, shiny|88/100\n|-fieldstart|move: Electric Terrain|[from] ability: Electric Surge|[of] p1a: Tapu Koko\n|turn|24\n|\n|t:|1790814503\n|move|p1a: Tapu Koko|Thunderbolt|p2a: Zapdos\n|-damage|p2a: Zapdos|0 fnt\n|faint|p2a: Zapdos\n|\n|upkeep\n|\n|t:|1790814507\n|switch|p2a: Tapu Lele|Tapu Lele|100/100\n|-fieldstart|move: Psychic Terrain|[from] ability: Psychic Surge|[of] p2a: Tapu Lele\n|turn|25\n|\n|t:|1790814516\n|switch|p1a: Xurkitree|Xurkitree, shiny|27/100\n|move|p2a: Tapu Lele|Moonblast|p1a: Xurkitree\n|-damage|p1a: Xurkitree|0 fnt\n|faint|p1a: Xurkitree\n|\n|upkeep\n|\n|t:|1790814521\n|switch|p1a: Tapu Koko|Tapu Koko, shiny|88/100\n|-fieldstart|move: Electric Terrain|[from] ability: Electric Surge|[of] p1a: Tapu Koko\n|turn|26\n|\n|t:|1790814525\n|move|p2a: Tapu Lele|Moonblast|p1a: Tapu Koko\n|-damage|p1a: Tapu Koko|4/100\n|move|p1a: Tapu Koko|Thunderbolt|p2a: Tapu Lele\n|-damage|p2a: Tapu Lele|16/100\n|\n|upkeep\n|turn|27\n|\n|t:|1790814529\n|move|p2a: Tapu Lele|Moonblast|p1a: Tapu Koko\n|-damage|p1a: Tapu Koko|0 fnt\n|faint|p1a: Tapu Koko\n|\n|upkeep\n|\n|t:|1790814531\n|switch|p1a: Zeraora|Zeraora, shiny|100/100\n|turn|28\n|\n|t:|1790814534\n|move|p2a: Tapu Lele|Moonblast|p1a: Zeraora\n|-damage|p1a: Zeraora|26/100\n|move|p1a: Zeraora|Plasma Fists|p2a: Tapu Lele\n|-damage|p2a: Tapu Lele|0 fnt\n|-fieldactivate|move: Ion Deluge\n|-hint|Normal-type moves become Electric-type after using Plasma Fists.\n|faint|p2a: Tapu Lele\n|\n|upkeep\n|\n|t:|1790814537\n|switch|p2a: Melmetal|Melmetal|46/100\n|turn|29\n|\n|t:|1790814542\n|move|p1a: Zeraora|Plasma Fists|p2a: Melmetal\n|-damage|p2a: Melmetal|0 fnt\n|-fieldactivate|move: Ion Deluge\n|-hint|Normal-type moves become Electric-type after using Plasma Fists.\n|faint|p2a: Melmetal\n|\n|win|machom99\n|raw|machom99's rating: 1111 &rarr; <strong>1134</strong><br />(+23 for winning)\n|raw|rtawefger's rating: 1082 &rarr; <strong>1062</strong><br />(-20 for losing)\n", "uploadtime": 1790814545, "views": "2", "formatid": "gen8ou", "rating": 1062, "private": 0, "password": null}