{"id": "gen8ou-2691211843", "format": "[Gen 8] OU", "players": ["Infernoss", "Dolukiri"], "log": "|j|\u2606Infernoss\n|j|\u2606Dolukiri\n|t:|1790882582\n|gametype|singles\n|player|p1|Infernoss|pokemonrangerf-gen4|1408\n|player|p2|Dolukiri|102|1145\n|gen|8\n|tier|[Gen 8] OU\n|rated|\n|rule|HP Percentage Mod: HP is shown in percentages\n|rule|Endless Battle Clause: Forcing endless battles is banned\n|rule|Sleep Clause Mod: Limit one foe put to sleep\n|rule|Species Clause: Limit one of each Pok\u00e9mon\n|rule|OHKO Clause: OHKO moves are banned\n|rule|Evasion Items Clause: Evasion items are banned\n|rule|Evasion Moves Clause: Evasion moves are banned\n|rule|Dynamax Clause: You cannot dynamax\n|clearpoke\n|poke|p1|Landorus-Therian, M|\n|poke|p1|Charizard, M|\n|poke|p1|Whimsicott, M|\n|poke|p1|Rotom-Wash|\n|poke|p1|Tapu Fini|\n|poke|p1|Toxicroak, M|\n|poke|p2|Landorus-Therian, M|\n|poke|p2|Heatran, M|\n|poke|p2|Tornadus-Therian, M|\n|poke|p2|Tapu Lele|\n|poke|p2|Rotom-Wash|\n|poke|p2|Rillaboom, F|\n|teampreview\n|inactive|Battle timer is ON: inactive players will automatically lose when time's up. (requested by Dolukiri)\n|inactive|Infernoss has 120 seconds left.\n|\n|t:|1790882620\n|teamsize|p1|6\n|teamsize|p2|6\n|start\n|switch|p1a: Fiero|Landorus-Therian, M|100/100\n|switch|p2a: Rotom|Rotom-Wash|100/100\n|-ability|p1a: Fiero|Intimidate|boost\n|-unboost|p2a: Rotom|atk|1\n|turn|1\n|\n|t:|1790882650\n|move|p1a: Fiero|Stealth Rock|p2a: Rotom\n|-sidestart|p2: Dolukiri|move: Stealth Rock\n|move|p2a: Rotom|Hydro Pump|p1a: Fiero\n|-supereffective|p1a: Fiero\n|-damage|p1a: Fiero|23/100\n|\n|-heal|p1a: Fiero|29/100|[from] item: Leftovers\n|upkeep\n|turn|2\n|\n|t:|1790882659\n|move|p1a: Fiero|Knock Off|p2a: Rotom\n|-damage|p2a: Rotom|71/100\n|-enditem|p2a: Rotom|Leftovers|[from] move: Knock Off|[of] p1a: Fiero\n|move|p2a: Rotom|Shadow Ball|p1a: Fiero\n|-damage|p1a: Fiero|8/100\n|-unboost|p1a: Fiero|spd|1\n|\n|-heal|p1a: Fiero|14/100|[from] item: Leftovers\n|upkeep\n|turn|3\n|\n|t:|1790882672\n|move|p1a: Fiero|Knock Off|p2a: Rotom\n|-damage|p2a: Rotom|50/100\n|move|p2a: Rotom|Shadow Ball|p1a: Fiero\n|-damage|p1a: Fiero|0 fnt\n|faint|p1a: Fiero\n|\n|upkeep\n|\n|t:|1790882679\n|switch|p1a: Fluffy|Whimsicott, M|100/100\n|turn|4\n|\n|t:|1790882682\n|move|p1a: Fluffy|Light Screen|p1a: Fluffy\n|-sidestart|p1: Infernoss|move: Light Screen\n|move|p2a: Rotom|Will-O-Wisp|p1a: Fluffy\n|-status|p1a: Fluffy|brn\n|\n|-damage|p1a: Fluffy|94/100 brn|[from] brn\n|upkeep\n|turn|5\n|\n|t:|1790882689\n|switch|p2a: Tornadus|Tornadus-Therian, M|100/100\n|-damage|p2a: Tornadus|76/100|[from] Stealth Rock\n|move|p1a: Fluffy|Encore||[still]\n|-fail|p1a: Fluffy\n|\n|-damage|p1a: Fluffy|88/100 brn|[from] brn\n|upkeep\n|turn|6\n|\n|t:|1790882697\n|move|p1a: Fluffy|Taunt|p2a: Tornadus\n|-start|p2a: Tornadus|move: Taunt\n|cant|p2a: Tornadus|move: Taunt|Taunt\n|\n|-damage|p1a: Fluffy|82/100 brn|[from] brn\n|upkeep\n|turn|7\n|\n|t:|1790882704\n|move|p1a: Fluffy|Tailwind|p1a: Fluffy\n|-sidestart|p1: Infernoss|move: Tailwind\n|move|p2a: Tornadus|Acrobatics|p1a: Fluffy\n|-supereffective|p1a: Fluffy\n|-damage|p1a: Fluffy|21/100 brn\n|\n|-damage|p1a: Fluffy|15/100 brn|[from] brn\n|upkeep\n|turn|8\n|\n|t:|1790882719\n|switch|p2a: Landorus|Landorus-Therian, M|100/100\n|-damage|p2a: Landorus|88/100|[from] Stealth Rock\n|-ability|p2a: Landorus|Intimidate|boost\n|-unboost|p1a: Fluffy|atk|1\n|move|p1a: Fluffy|Encore||[still]\n|-fail|p1a: Fluffy\n|\n|-heal|p2a: Landorus|94/100|[from] item: Leftovers\n|-damage|p1a: Fluffy|9/100 brn|[from] brn\n|upkeep\n|turn|9\n|\n|t:|1790882735\n|switch|p2a: Tornadus|Tornadus-Therian, M|100/100\n|-damage|p2a: Tornadus|76/100|[from] Stealth Rock\n|move|p1a: Fluffy|Taunt|p2a: Tornadus\n|-start|p2a: Tornadus|move: Taunt\n|\n|-damage|p1a: Fluffy|2/100 brn|[from] brn\n|upkeep\n|turn|10\n|inactive|Dolukiri has 120 seconds left.\n|\n|t:|1790882759\n|switch|p1a: Washy|Rotom-Wash|100/100\n|switch|p2a: Tapu Lele|Tapu Lele, shiny|100/100\n|-damage|p2a: Tapu Lele|88/100|[from] Stealth Rock\n|-fieldstart|move: Psychic Terrain|[from] ability: Psychic Surge|[of] p2a: Tapu Lele\n|\n|-sideend|p1: Infernoss|move: Tailwind\n|upkeep\n|turn|11\n|\n|t:|1790882771\n|move|p2a: Tapu Lele|Psychic|p1a: Washy\n|-damage|p1a: Washy|65/100\n|move|p1a: Washy|Thunderbolt|p2a: Tapu Lele\n|-damage|p2a: Tapu Lele|52/100\n|\n|-sideend|p1: Infernoss|move: Light Screen\n|upkeep\n|turn|12\n|\n|t:|1790882779\n|move|p2a: Tapu Lele|Psychic|p1a: Washy\n|-damage|p1a: Washy|0 fnt\n|faint|p1a: Washy\n|\n|upkeep\n|\n|t:|1790882783\n|switch|p1a: Fluffy|Whimsicott, M|2/100 brn\n|turn|13\n|\n|t:|1790882787\n|move|p1a: Fluffy|Light Screen|p1a: Fluffy\n|-sidestart|p1: Infernoss|move: Light Screen\n|move|p2a: Tapu Lele|Psychic|p1a: Fluffy\n|-damage|p1a: Fluffy|0 fnt\n|faint|p1a: Fluffy\n|\n|upkeep\n|\n|t:|1790882793\n|switch|p1a: Do\u00f1a Fini|Tapu Fini|100/100\n|-fieldstart|move: Misty Terrain|[from] ability: Misty Surge|[of] p1a: Do\u00f1a Fini\n|turn|14\n|\n|t:|1790882798\n|switch|p2a: Rillaboom|Rillaboom, F|100/100\n|-damage|p2a: Rillaboom|88/100|[from] Stealth Rock\n|-fieldstart|move: Grassy Terrain|[from] ability: Grassy Surge|[of] p2a: Rillaboom\n|switch|p1a: Chorizo Lord|Charizard, M, shiny|100/100\n|\n|-heal|p2a: Rillaboom|94/100|[from] Grassy Terrain\n|upkeep\n|turn|15\n|\n|t:|1790882808\n|switch|p2a: Heatran|Heatran, M, shiny|100/100\n|-damage|p2a: Heatran|88/100|[from] Stealth Rock\n|move|p1a: Chorizo Lord|Belly Drum|p1a: Chorizo Lord\n|-damage|p1a: Chorizo Lord|50/100\n|-setboost|p1a: Chorizo Lord|atk|6|[from] move: Belly Drum\n|-enditem|p1a: Chorizo Lord|Sitrus Berry|[eat]\n|-heal|p1a: Chorizo Lord|75/100|[from] item: Sitrus Berry\n|\n|-heal|p2a: Heatran|94/100|[from] Grassy Terrain\n|-heal|p2a: Heatran|100/100|[from] item: Leftovers\n|upkeep\n|turn|16\n|\n|t:|1790882823\n|move|p1a: Chorizo Lord|Acrobatics|p2a: Heatran\n|-resisted|p2a: Heatran\n|-damage|p2a: Heatran|35/100\n|move|p2a: Heatran|Toxic|p1a: Chorizo Lord\n|-status|p1a: Chorizo Lord|tox\n|\n|-heal|p2a: Heatran|41/100|[from] Grassy Terrain\n|-heal|p2a: Heatran|47/100|[from] item: Leftovers\n|-damage|p1a: Chorizo Lord|69/100 tox|[from] psn\n|upkeep\n|turn|17\n|\n|t:|1790882832\n|move|p1a: Chorizo Lord|Acrobatics|p2a: Heatran\n|-resisted|p2a: Heatran\n|-damage|p2a: Heatran|0 fnt\n|faint|p2a: Heatran\n|\n|-damage|p1a: Chorizo Lord|57/100 tox|[from] psn\n|upkeep\n|\n|t:|1790882849\n|switch|p2a: Tapu Lele|Tapu Lele, shiny|52/100\n|-damage|p2a: Tapu Lele|39/100|[from] Stealth Rock\n|-fieldstart|move: Psychic Terrain|[from] ability: Psychic Surge|[of] p2a: Tapu Lele\n|turn|18\n|\n|t:|1790882857\n|move|p2a: Tapu Lele|Thunderbolt|p1a: Chorizo Lord\n|-supereffective|p1a: Chorizo Lord\n|-damage|p1a: Chorizo Lord|8/100 tox\n|move|p1a: Chorizo Lord|Flame Charge|p2a: Tapu Lele\n|-damage|p2a: Tapu Lele|0 fnt\n|-boost|p1a: Chorizo Lord|spe|1\n|faint|p2a: Tapu Lele\n|\n|-damage|p1a: Chorizo Lord|0 fnt|[from] psn\n|faint|p1a: Chorizo Lord\n|upkeep\n|\n|t:|1790882882\n|switch|p1a: Do\u00f1a Fini|Tapu Fini|100/100\n|switch|p2a: Tornadus|Tornadus-Therian, M|100/100\n|-damage|p2a: Tornadus|76/100|[from] Stealth Rock\n|-fieldstart|move: Misty Terrain|[from] ability: Misty Surge|[of] p1a: Do\u00f1a Fini\n|turn|19\n|\n|t:|1790882891\n|move|p2a: Tornadus|Acrobatics|p1a: Do\u00f1a Fini\n|-damage|p1a: Do\u00f1a Fini|84/100\n|move|p1a: Do\u00f1a Fini|Calm Mind|p1a: Do\u00f1a Fini\n|-boost|p1a: Do\u00f1a Fini|spa|1\n|-boost|p1a: Do\u00f1a Fini|spd|1\n|\n|-heal|p1a: Do\u00f1a Fini|90/100|[from] item: Leftovers\n|upkeep\n|turn|20\n|\n|t:|1790882899\n|move|p2a: Tornadus|Taunt|p1a: Do\u00f1a Fini\n|-start|p1a: Do\u00f1a Fini|move: Taunt\n|move|p1a: Do\u00f1a Fini|Scald|p2a: Tornadus\n|-damage|p2a: Tornadus|25/100\n|-status|p2a: Tornadus|brn\n|-enditem|p2a: Tornadus|Eject Button\n|\n|t:|1790882907\n|switch|p2a: Rillaboom|Rillaboom, F|94/100\n|-damage|p2a: Rillaboom|82/100|[from] Stealth Rock\n|-fieldstart|move: Grassy Terrain|[from] ability: Grassy Surge|[of] p2a: Rillaboom\n|\n|-heal|p2a: Rillaboom|88/100|[from] Grassy Terrain\n|-heal|p1a: Do\u00f1a Fini|96/100|[from] Grassy Terrain\n|-heal|p1a: Do\u00f1a Fini|100/100|[from] item: Leftovers\n|-sideend|p1: Infernoss|move: Light Screen\n|upkeep\n|turn|21\n|\n|t:|1790882917\n|switch|p1a: Zapo|Toxicroak, M|100/100\n|move|p2a: Rillaboom|Grassy Glide|p1a: Zapo\n|-resisted|p1a: Zapo\n|-damage|p1a: Zapo|60/100\n|-damage|p2a: Rillaboom|78/100|[from] item: Life Orb\n|\n|-heal|p1a: Zapo|66/100|[from] Grassy Terrain\n|-heal|p2a: Rillaboom|84/100|[from] Grassy Terrain\n|upkeep\n|turn|22\n|\n|t:|1790882941\n|switch|p2a: Landorus|Landorus-Therian, M|94/100\n|-damage|p2a: Landorus|82/100|[from] Stealth Rock\n|-ability|p2a: Landorus|Intimidate|boost\n|-unboost|p1a: Zapo|atk|1\n|move|p1a: Zapo|Gunk Shot|p2a: Landorus\n|-resisted|p2a: Landorus\n|-damage|p2a: Landorus|60/100\n|-status|p2a: Landorus|psn\n|-damage|p1a: Zapo|56/100|[from] item: Life Orb\n|\n|-heal|p1a: Zapo|62/100|[from] Grassy Terrain\n|-heal|p2a: Landorus|66/100 psn|[from] item: Leftovers\n|-damage|p2a: Landorus|54/100 psn|[from] psn\n|upkeep\n|turn|23\n|\n|t:|1790882957\n|switch|p1a: Do\u00f1a Fini|Tapu Fini|100/100\n|-fieldstart|move: Misty Terrain|[from] ability: Misty Surge|[of] p1a: Do\u00f1a Fini\n|move|p2a: Landorus|Knock Off|p1a: Do\u00f1a Fini\n|-resisted|p1a: Do\u00f1a Fini\n|-damage|p1a: Do\u00f1a Fini|90/100\n|-enditem|p1a: Do\u00f1a Fini|Leftovers|[from] move: Knock Off|[of] p2a: Landorus\n|\n|-heal|p2a: Landorus|60/100 psn|[from] item: Leftovers\n|-damage|p2a: Landorus|48/100 psn|[from] psn\n|upkeep\n|turn|24\n|\n|t:|1790882970\n|switch|p2a: Tornadus|Tornadus-Therian, M|58/100 brn\n|-damage|p2a: Tornadus|33/100 brn|[from] Stealth Rock\n|move|p1a: Do\u00f1a Fini|Scald|p2a: Tornadus\n|-damage|p2a: Tornadus|0 fnt\n|faint|p2a: Tornadus\n|\n|upkeep\n|\n|t:|1790882981\n|switch|p2a: Rillaboom|Rillaboom, F|84/100\n|-damage|p2a: Rillaboom|72/100|[from] Stealth Rock\n|-fieldstart|move: Grassy Terrain|[from] ability: Grassy Surge|[of] p2a: Rillaboom\n|turn|25\n|\n|t:|1790882988\n|move|p2a: Rillaboom|Grassy Glide|p1a: Do\u00f1a Fini\n|-supereffective|p1a: Do\u00f1a Fini\n|-damage|p1a: Do\u00f1a Fini|16/100\n|-damage|p2a: Rillaboom|62/100|[from] item: Life Orb\n|move|p1a: Do\u00f1a Fini|Scald|p2a: Rillaboom\n|-resisted|p2a: Rillaboom\n|-damage|p2a: Rillaboom|46/100\n|\n|-heal|p2a: Rillaboom|52/100|[from] Grassy Terrain\n|-heal|p1a: Do\u00f1a Fini|22/100|[from] Grassy Terrain\n|upkeep\n|turn|26\n|\n|t:|1790882998\n|move|p2a: Rillaboom|Grassy Glide|p1a: Do\u00f1a Fini\n|-supereffective|p1a: Do\u00f1a Fini\n|-damage|p1a: Do\u00f1a Fini|0 fnt\n|faint|p1a: Do\u00f1a Fini\n|-damage|p2a: Rillaboom|42/100|[from] item: Life Orb\n|\n|-heal|p2a: Rillaboom|48/100|[from] Grassy Terrain\n|upkeep\n|\n|t:|1790883006\n|switch|p1a: Zapo|Toxicroak, M|62/100\n|turn|27\n|\n|t:|1790883016\n|switch|p2a: Landorus|Landorus-Therian, M|48/100 psn\n|-damage|p2a: Landorus|35/100 psn|[from] Stealth Rock\n|-ability|p2a: Landorus|Intimidate|boost\n|-unboost|p1a: Zapo|atk|1\n|move|p1a: Zapo|Swords Dance|p1a: Zapo\n|-boost|p1a: Zapo|atk|2\n|\n|-heal|p1a: Zapo|69/100|[from] Grassy Terrain\n|-heal|p2a: Landorus|41/100 psn|[from] item: Leftovers\n|-damage|p2a: Landorus|29/100 psn|[from] psn\n|upkeep\n|turn|28\n|\n|t:|1790883030\n|move|p1a: Zapo|Gunk Shot|p2a: Landorus\n|-resisted|p2a: Landorus\n|-crit|p2a: Landorus\n|-damage|p2a: Landorus|0 fnt\n|faint|p2a: Landorus\n|-damage|p1a: Zapo|59/100|[from] item: Life Orb\n|\n|-heal|p1a: Zapo|65/100|[from] Grassy Terrain\n|upkeep\n|\n|t:|1790883037\n|switch|p2a: Rotom|Rotom-Wash|50/100\n|-damage|p2a: Rotom|37/100|[from] Stealth Rock\n|turn|29\n|\n|t:|1790883044\n|move|p1a: Zapo|Drain Punch|p2a: Rotom\n|-damage|p2a: Rotom|0 fnt\n|-heal|p1a: Zapo|83/100|[from] drain|[of] p2a: Rotom\n|faint|p2a: Rotom\n|-damage|p1a: Zapo|73/100|[from] item: Life Orb\n|\n|-heal|p1a: Zapo|80/100|[from] Grassy Terrain\n|-fieldend|move: Grassy Terrain\n|upkeep\n|\n|t:|1790883052\n|switch|p2a: Rillaboom|Rillaboom, F|48/100\n|-damage|p2a: Rillaboom|36/100|[from] Stealth Rock\n|-fieldstart|move: Grassy Terrain|[from] ability: Grassy Surge|[of] p2a: Rillaboom\n|turn|30\n|\n|t:|1790883064\n|move|p1a: Zapo|Sucker Punch|p2a: Rillaboom\n|-damage|p2a: Rillaboom|0 fnt\n|faint|p2a: Rillaboom\n|-damage|p1a: Zapo|70/100|[from] item: Life Orb\n|\n|win|Infernoss\n|raw|Infernoss's rating: 1408 &rarr; <strong>1415</strong><br />(+7 for winning)\n|raw|Dolukiri's rating: 1145 &rarr; <strong>1136</strong><br />(-9 for losing)\n", "uploadtime": 1790883070, "views": "1", "formatid": "gen8ou", "rating": 1136, "private": 0, "password": null}