{"id": "gen8ou-2694404080", "format": "[Gen 8] OU", "players": ["Shainzow", "Caique0402"], "log": "|j|\u2606Shainzow\n|j|\u2606Caique0402\n|t:|1791383453\n|gametype|singles\n|player|p1|Shainzow|jasmine|1277\n|player|p2|Caique0402|unknown|1094\n|gen|8\n|tier|[Gen 8] OU\n|rated|\n|rule|HP Percentage Mod: HP is shown in percentages\n|rule|Endless Battle Clause: Forcing endless battles is banned\n|rule|Sleep Clause Mod: Limit one foe put to sleep\n|rule|Species Clause: Limit one of each Pok\u00e9mon\n|rule|OHKO Clause: OHKO moves are banned\n|rule|Evasion Items Clause: Evasion items are banned\n|rule|Evasion Moves Clause: Evasion moves are banned\n|rule|Dynamax Clause: You cannot dynamax\n|clearpoke\n|poke|p1|Urshifu-*, F|\n|poke|p1|Landorus-Therian, M|\n|poke|p1|Rillaboom, F|\n|poke|p1|Blacephalon|\n|poke|p1|Tapu Lele|\n|poke|p1|Ferrothorn, M|\n|poke|p2|Golurk|\n|poke|p2|Golduck, M|\n|poke|p2|Slowking, F|\n|poke|p2|Gallade, M|\n|poke|p2|Gengar, F|\n|poke|p2|Xatu, F|\n|teampreview\n|inactive|Battle timer is ON: inactive players will automatically lose when time's up. (requested by Caique0402)\n|\n|t:|1791383456\n|teamsize|p1|6\n|teamsize|p2|6\n|start\n|switch|p1a: Landorus|Landorus-Therian, M|100/100\n|switch|p2a: Wings|Xatu, F|100/100\n|-ability|p1a: Landorus|Intimidate|boost\n|-unboost|p2a: Wings|atk|1\n|turn|1\n|\n|t:|1791383460\n|switch|p1a: Ferrothorn|Ferrothorn, M, shiny|100/100\n|move|p2a: Wings|Trick Room|p2a: Wings\n|-fieldstart|move: Trick Room|[of] p2a: Wings\n|\n|upkeep\n|turn|2\n|\n|t:|1791383470\n|move|p1a: Ferrothorn|Knock Off|p2a: Wings\n|-supereffective|p2a: Wings\n|-damage|p2a: Wings|36/100\n|-enditem|p2a: Wings|Focus Sash|[from] move: Knock Off|[of] p1a: Ferrothorn\n|move|p2a: Wings|Heat Wave|p1a: Ferrothorn\n|-supereffective|p1a: Ferrothorn\n|-damage|p1a: Ferrothorn|4/100\n|\n|upkeep\n|turn|3\n|\n|t:|1791383480\n|switch|p2a: Knighty|Gallade, M|100/100\n|move|p1a: Ferrothorn|Knock Off|p2a: Knighty\n|-damage|p2a: Knighty|65/100\n|-ability|p2a: Knighty|Justified|boost\n|-boost|p2a: Knighty|atk|1\n|-enditem|p2a: Knighty|Life Orb|[from] move: Knock Off|[of] p1a: Ferrothorn\n|\n|upkeep\n|turn|4\n|\n|t:|1791383484\n|move|p2a: Knighty|Vacuum Wave|p1a: Ferrothorn\n|-supereffective|p1a: Ferrothorn\n|-damage|p1a: Ferrothorn|0 fnt\n|faint|p1a: Ferrothorn\n|\n|upkeep\n|\n|t:|1791383489\n|switch|p1a: Rillaboom|Rillaboom, F|100/100\n|-fieldstart|move: Grassy Terrain|[from] ability: Grassy Surge|[of] p1a: Rillaboom\n|turn|5\n|\n|t:|1791383495\n|move|p1a: Rillaboom|Grassy Glide|p2a: Knighty\n|-damage|p2a: Knighty|0 fnt\n|faint|p2a: Knighty\n|\n|-fieldend|move: Trick Room\n|upkeep\n|\n|t:|1791383507\n|switch|p2a: Jet|Golduck, M|100/100\n|turn|6\n|\n|t:|1791383509\n|move|p1a: Rillaboom|Grassy Glide|p2a: Jet\n|-supereffective|p2a: Jet\n|-enditem|p2a: Jet|Focus Sash\n|-damage|p2a: Jet|1/100\n|move|p2a: Jet|Ice Beam|p1a: Rillaboom\n|-supereffective|p1a: Rillaboom\n|-damage|p1a: Rillaboom|28/100\n|\n|-heal|p1a: Rillaboom|34/100|[from] Grassy Terrain\n|-heal|p2a: Jet|7/100|[from] Grassy Terrain\n|upkeep\n|turn|7\n|\n|t:|1791383524\n|move|p1a: Rillaboom|Grassy Glide|p2a: Jet\n|-supereffective|p2a: Jet\n|-damage|p2a: Jet|0 fnt\n|faint|p2a: Jet\n|\n|-heal|p1a: Rillaboom|40/100|[from] Grassy Terrain\n|upkeep\n|\n|t:|1791383527\n|switch|p2a: Shadow|Gengar, F|100/100\n|turn|8\n|\n|t:|1791383529\n|switch|p1a: Landorus|Landorus-Therian, M|100/100\n|-ability|p1a: Landorus|Intimidate|boost\n|-unboost|p2a: Shadow|atk|1\n|move|p2a: Shadow|Shadow Ball|p1a: Landorus\n|-damage|p1a: Landorus|56/100\n|\n|-heal|p1a: Landorus|62/100|[from] item: Leftovers\n|upkeep\n|turn|9\n|\n|t:|1791383533\n|switch|p2a: Wings|Xatu, F|36/100\n|move|p1a: Landorus|Stealth Rock|p2a: Wings\n|move|p2a: Wings|Stealth Rock|p1a: Landorus|[from] ability: Magic Bounce\n|-sidestart|p1: Shainzow|move: Stealth Rock\n|\n|-heal|p1a: Landorus|68/100|[from] item: Leftovers\n|-fieldend|move: Grassy Terrain\n|upkeep\n|turn|10\n|\n|t:|1791383543\n|switch|p1a: Urshifu|Urshifu-Rapid-Strike, F|100/100\n|-damage|p1a: Urshifu|94/100|[from] Stealth Rock\n|move|p2a: Wings|Psychic|p1a: Urshifu\n|-supereffective|p1a: Urshifu\n|-damage|p1a: Urshifu|0 fnt\n|faint|p1a: Urshifu\n|\n|upkeep\n|\n|t:|1791383545\n|switch|p1a: Blacephalon|Blacephalon, shiny|100/100\n|-damage|p1a: Blacephalon|76/100|[from] Stealth Rock\n|turn|11\n|\n|t:|1791383548\n|move|p1a: Blacephalon|Shadow Ball|p2a: Wings\n|-supereffective|p2a: Wings\n|-damage|p2a: Wings|0 fnt\n|faint|p2a: Wings\n|-ability|p1a: Blacephalon|Beast Boost|boost\n|-boost|p1a: Blacephalon|spa|1\n|\n|upkeep\n|\n|t:|1791383549\n|switch|p2a: Shadow|Gengar, F|100/100\n|turn|12\n|\n|t:|1791383551\n|move|p2a: Shadow|Shadow Ball|p1a: Blacephalon\n|-supereffective|p1a: Blacephalon\n|-damage|p1a: Blacephalon|0 fnt\n|faint|p1a: Blacephalon\n|\n|upkeep\n|\n|t:|1791383554\n|switch|p1a: Landorus|Landorus-Therian, M|68/100\n|-damage|p1a: Landorus|56/100|[from] Stealth Rock\n|-ability|p1a: Landorus|Intimidate|boost\n|-unboost|p2a: Shadow|atk|1\n|turn|13\n|\n|t:|1791383564\n|move|p2a: Shadow|Shadow Ball|p1a: Landorus\n|-crit|p1a: Landorus\n|-damage|p1a: Landorus|0 fnt\n|faint|p1a: Landorus\n|\n|upkeep\n|c|\u2606Shainzow|hahaha\n|-message|Shainzow forfeited.\n|\n|win|Caique0402\n|raw|Shainzow's rating: 1277 &rarr; <strong>1240</strong><br />(-37 for losing)\n|raw|Caique0402's rating: 1094 &rarr; <strong>1132</strong><br />(+38 for winning)\n|l|\u2606Shainzow\n|player|p1|\n", "uploadtime": 1791383699, "views": "9", "formatid": "gen8ou", "rating": 1132, "private": 0, "password": null}