{"id": "gen8ou-2688913886", "format": "[Gen 8] OU", "players": ["Shromk", "Infernoss"], "log": "|j|\u2606Shromk\n|j|\u2606Infernoss\n|t:|1790552107\n|gametype|singles\n|player|p1|Shromk|supernerd|1229\n|player|p2|Infernoss|pokemonrangerf-gen4|1383\n|gen|8\n|tier|[Gen 8] OU\n|rated|\n|rule|HP Percentage Mod: HP is shown in percentages\n|rule|Endless Battle Clause: Forcing endless battles is banned\n|rule|Sleep Clause Mod: Limit one foe put to sleep\n|rule|Species Clause: Limit one of each Pok\u00e9mon\n|rule|OHKO Clause: OHKO moves are banned\n|rule|Evasion Items Clause: Evasion items are banned\n|rule|Evasion Moves Clause: Evasion moves are banned\n|rule|Dynamax Clause: You cannot dynamax\n|clearpoke\n|poke|p1|Weavile, M|\n|poke|p1|Dragapult, M|\n|poke|p1|Heatran, F|\n|poke|p1|Tapu Koko|\n|poke|p1|Corviknight, F|\n|poke|p1|Primarina, M|\n|poke|p2|Landorus-Therian, M|\n|poke|p2|Charizard, M|\n|poke|p2|Whimsicott, M|\n|poke|p2|Rotom-Wash|\n|poke|p2|Tapu Fini|\n|poke|p2|Toxicroak, M|\n|teampreview\n|\n|t:|1790552136\n|teamsize|p1|6\n|teamsize|p2|6\n|start\n|switch|p1a: Primarina|Primarina, M|100/100\n|switch|p2a: Washy|Rotom-Wash|100/100\n|turn|1\n|\n|t:|1790552143\n|move|p1a: Primarina|Moonblast|p2a: Washy\n|-damage|p2a: Washy|22/100\n|move|p2a: Washy|Thunderbolt|p1a: Primarina\n|-supereffective|p1a: Primarina\n|-damage|p1a: Primarina|31/100\n|\n|upkeep\n|turn|2\n|\n|t:|1790552159\n|switch|p2a: Fiero|Landorus-Therian, M|100/100\n|-ability|p2a: Fiero|Intimidate|boost\n|-unboost|p1a: Primarina|atk|1\n|move|p1a: Primarina|Moonblast|p2a: Fiero\n|-crit|p2a: Fiero\n|-damage|p2a: Fiero|0 fnt\n|faint|p2a: Fiero\n|\n|upkeep\n|\n|t:|1790552172\n|switch|p2a: Fluffy|Whimsicott, M|100/100\n|turn|3\n|inactive|Battle timer is ON: inactive players will automatically lose when time's up. (requested by Infernoss)\n|\n|t:|1790552196\n|switch|p1a: Corviknight|Corviknight, F|100/100\n|-ability|p1a: Corviknight|Pressure\n|move|p2a: Fluffy|Light Screen|p2a: Fluffy\n|-sidestart|p2: Infernoss|move: Light Screen\n|\n|upkeep\n|turn|4\n|\n|t:|1790552202\n|switch|p2a: Washy|Rotom-Wash|22/100\n|move|p1a: Corviknight|U-turn|p2a: Washy\n|-damage|p2a: Washy|11/100\n|\n|t:|1790552209\n|switch|p1a: Weavile|Weavile, M|100/100|[from] U-turn\n|-ability|p1a: Weavile|Pressure\n|\n|upkeep\n|turn|5\n|\n|t:|1790552222\n|move|p1a: Weavile|Knock Off|p2a: Washy\n|-damage|p2a: Washy|0 fnt\n|-enditem|p2a: Washy|Chesto Berry|[from] move: Knock Off|[of] p1a: Weavile\n|faint|p2a: Washy\n|\n|upkeep\n|\n|t:|1790552228\n|switch|p2a: Do\u00f1a Fini|Tapu Fini|100/100\n|-fieldstart|move: Misty Terrain|[from] ability: Misty Surge|[of] p2a: Do\u00f1a Fini\n|turn|6\n|\n|t:|1790552232\n|switch|p1a: Tapu Koko|Tapu Koko|100/100\n|-fieldstart|move: Electric Terrain|[from] ability: Electric Surge|[of] p1a: Tapu Koko\n|move|p2a: Do\u00f1a Fini|Calm Mind|p2a: Do\u00f1a Fini\n|-boost|p2a: Do\u00f1a Fini|spa|1\n|-boost|p2a: Do\u00f1a Fini|spd|1\n|\n|upkeep\n|turn|7\n|\n|t:|1790552239\n|move|p1a: Tapu Koko|Thunderbolt|p2a: Do\u00f1a Fini\n|-supereffective|p2a: Do\u00f1a Fini\n|-damage|p2a: Do\u00f1a Fini|72/100\n|move|p2a: Do\u00f1a Fini|Calm Mind|p2a: Do\u00f1a Fini\n|-boost|p2a: Do\u00f1a Fini|spa|1\n|-boost|p2a: Do\u00f1a Fini|spd|1\n|\n|-heal|p2a: Do\u00f1a Fini|78/100|[from] item: Leftovers\n|upkeep\n|turn|8\n|\n|t:|1790552247\n|move|p1a: Tapu Koko|Thunderbolt|p2a: Do\u00f1a Fini\n|-supereffective|p2a: Do\u00f1a Fini\n|-damage|p2a: Do\u00f1a Fini|59/100\n|move|p2a: Do\u00f1a Fini|Calm Mind|p2a: Do\u00f1a Fini\n|-boost|p2a: Do\u00f1a Fini|spa|1\n|-boost|p2a: Do\u00f1a Fini|spd|1\n|\n|-heal|p2a: Do\u00f1a Fini|65/100|[from] item: Leftovers\n|upkeep\n|turn|9\n|\n|t:|1790552254\n|move|p1a: Tapu Koko|U-turn|p2a: Do\u00f1a Fini\n|-resisted|p2a: Do\u00f1a Fini\n|-damage|p2a: Do\u00f1a Fini|59/100\n|\n|t:|1790552259\n|switch|p1a: Corviknight|Corviknight, F|100/100|[from] U-turn\n|-ability|p1a: Corviknight|Pressure\n|move|p2a: Do\u00f1a Fini|Draining Kiss|p1a: Corviknight\n|-resisted|p1a: Corviknight\n|-damage|p1a: Corviknight|82/100\n|-heal|p2a: Do\u00f1a Fini|75/100|[from] drain|[of] p1a: Corviknight\n|\n|-heal|p2a: Do\u00f1a Fini|81/100|[from] item: Leftovers\n|-heal|p1a: Corviknight|88/100|[from] item: Leftovers\n|upkeep\n|turn|10\n|\n|t:|1790552269\n|move|p2a: Do\u00f1a Fini|Calm Mind|p2a: Do\u00f1a Fini\n|-boost|p2a: Do\u00f1a Fini|spa|1\n|-boost|p2a: Do\u00f1a Fini|spd|1\n|move|p1a: Corviknight|U-turn|p2a: Do\u00f1a Fini\n|-resisted|p2a: Do\u00f1a Fini\n|-damage|p2a: Do\u00f1a Fini|76/100\n|\n|t:|1790552278\n|switch|p1a: Dragapult|Dragapult, M|100/100|[from] U-turn\n|\n|-heal|p2a: Do\u00f1a Fini|82/100|[from] item: Leftovers\n|-sideend|p2: Infernoss|move: Light Screen\n|-fieldend|move: Electric Terrain\n|upkeep\n|turn|11\n|\n|t:|1790552284\n|move|p1a: Dragapult|U-turn|p2a: Do\u00f1a Fini\n|-resisted|p2a: Do\u00f1a Fini\n|-damage|p2a: Do\u00f1a Fini|76/100\n|\n|t:|1790552292\n|switch|p1a: Tapu Koko|Tapu Koko|100/100|[from] U-turn\n|-fieldstart|move: Electric Terrain|[from] ability: Electric Surge|[of] p1a: Tapu Koko\n|move|p2a: Do\u00f1a Fini|Draining Kiss|p1a: Tapu Koko\n|-damage|p1a: Tapu Koko|30/100\n|-heal|p2a: Do\u00f1a Fini|100/100|[from] drain|[of] p1a: Tapu Koko\n|\n|upkeep\n|turn|12\n|\n|t:|1790552299\n|move|p1a: Tapu Koko|Thunderbolt|p2a: Do\u00f1a Fini\n|-supereffective|p2a: Do\u00f1a Fini\n|-damage|p2a: Do\u00f1a Fini|73/100\n|move|p2a: Do\u00f1a Fini|Draining Kiss|p1a: Tapu Koko\n|-damage|p1a: Tapu Koko|0 fnt\n|-heal|p2a: Do\u00f1a Fini|91/100|[from] drain|[of] p1a: Tapu Koko\n|faint|p1a: Tapu Koko\n|\n|-heal|p2a: Do\u00f1a Fini|97/100|[from] item: Leftovers\n|upkeep\n|\n|t:|1790552308\n|switch|p1a: Weavile|Weavile, M|100/100\n|-ability|p1a: Weavile|Pressure\n|turn|13\n|\n|t:|1790552312\n|move|p1a: Weavile|Triple Axel|p2a: Do\u00f1a Fini\n|-resisted|p2a: Do\u00f1a Fini\n|-damage|p2a: Do\u00f1a Fini|91/100\n|-resisted|p2a: Do\u00f1a Fini\n|-damage|p2a: Do\u00f1a Fini|82/100\n|-resisted|p2a: Do\u00f1a Fini\n|-damage|p2a: Do\u00f1a Fini|67/100\n|-hitcount|p2a: Do\u00f1a Fini|3\n|move|p2a: Do\u00f1a Fini|Draining Kiss|p1a: Weavile\n|-supereffective|p1a: Weavile\n|-damage|p1a: Weavile|0 fnt\n|-heal|p2a: Do\u00f1a Fini|100/100|[from] drain|[of] p1a: Weavile\n|faint|p1a: Weavile\n|\n|upkeep\n|-message|Shromk forfeited.\n|\n|win|Infernoss\n|raw|Shromk's rating: 1229 &rarr; <strong>1214</strong><br />(-15 for losing)\n|raw|Infernoss's rating: 1383 &rarr; <strong>1395</strong><br />(+12 for winning)\n|l|\u2606Shromk\n|player|p1|\n", "uploadtime": 1790552324, "views": "24", "formatid": "gen8ou", "rating": 1214, "private": 0, "password": null}