{"id": "gen8ou-2693211840", "format": "[Gen 8] OU", "players": ["Ntilikina", "Moongirlll"], "log": "|j|\u2606Ntilikina\n|j|\u2606Moongirlll\n|inactive|Battle timer is ON: inactive players will automatically lose when time's up.\n|t:|1791210099\n|gametype|singles\n|player|p1|Ntilikina|nita|\n|player|p2|Moongirlll|lisia|\n|gen|8\n|tier|[Gen 8] OU\n|rated|Tournament battle\n|rule|HP Percentage Mod: HP is shown in percentages\n|rule|Endless Battle Clause: Forcing endless battles is banned\n|rule|Sleep Clause Mod: Limit one foe put to sleep\n|rule|Species Clause: Limit one of each Pok\u00e9mon\n|rule|OHKO Clause: OHKO moves are banned\n|rule|Evasion Items Clause: Evasion items are banned\n|rule|Evasion Moves Clause: Evasion moves are banned\n|raw|<div class=\"infobox\"><details class=\"readmore\" open><summary><strong>1 custom rule:</strong></summary> !Dynamax Clause</details></div>\n|clearpoke\n|poke|p1|Pelipper, F|\n|poke|p1|Barraskewda, M|\n|poke|p1|Tapu Lele|\n|poke|p1|Ferrothorn, F|\n|poke|p1|Zapdos|\n|poke|p1|Garchomp, M|\n|poke|p2|Dragapult, M|\n|poke|p2|Urshifu-*, F|\n|poke|p2|Tapu Lele|\n|poke|p2|Landorus-Therian, M|\n|poke|p2|Zapdos|\n|poke|p2|Melmetal|\n|teampreview\n|j|*Lady Monita \n|\n|t:|1791210111\n|teamsize|p1|6\n|teamsize|p2|6\n|start\n|switch|p1a: Garchomp|Garchomp, M|100/100\n|switch|p2a: Zapdos|Zapdos|100/100\n|turn|1\n|\n|t:|1791210123\n|move|p1a: Garchomp|Swords Dance|p1a: Garchomp\n|-boost|p1a: Garchomp|atk|2\n|move|p2a: Zapdos|Hurricane|p1a: Garchomp|[miss]\n|-miss|p2a: Zapdos|p1a: Garchomp\n|\n|upkeep\n|turn|2\n|\n|t:|1791210131\n|switch|p2a: Landorus|Landorus-Therian, M|100/100\n|-ability|p2a: Landorus|Intimidate|boost\n|-unboost|p1a: Garchomp|atk|1\n|move|p1a: Garchomp|Stealth Rock|p2a: Landorus\n|-sidestart|p2: Moongirlll|move: Stealth Rock\n|\n|upkeep\n|turn|3\n|\n|t:|1791210138\n|move|p1a: Garchomp|Aqua Tail|p2a: Landorus\n|-supereffective|p2a: Landorus\n|-damage|p2a: Landorus|7/100\n|move|p2a: Landorus|Stealth Rock|p1a: Garchomp\n|-sidestart|p1: Ntilikina|move: Stealth Rock\n|\n|-heal|p2a: Landorus|13/100|[from] item: Leftovers\n|upkeep\n|turn|4\n|\n|t:|1791210151\n|move|p1a: Garchomp|Aqua Tail|p2a: Landorus\n|-supereffective|p2a: Landorus\n|-damage|p2a: Landorus|0 fnt\n|faint|p2a: Landorus\n|\n|upkeep\n|\n|t:|1791210160\n|switch|p2a: Tapu Lele|Tapu Lele|100/100\n|-damage|p2a: Tapu Lele|88/100|[from] Stealth Rock\n|-fieldstart|move: Psychic Terrain|[from] ability: Psychic Surge|[of] p2a: Tapu Lele\n|turn|5\n|\n|t:|1791210167\n|move|p2a: Tapu Lele|Future Sight|p1a: Garchomp\n|-start|p2a: Tapu Lele|move: Future Sight\n|move|p1a: Garchomp|Earthquake|p2a: Tapu Lele\n|-damage|p2a: Tapu Lele|0 fnt\n|faint|p2a: Tapu Lele\n|\n|upkeep\n|\n|t:|1791210176\n|switch|p2a: Zapdos|Zapdos|100/100\n|turn|6\n|\n|t:|1791210182\n|move|p1a: Garchomp|Aqua Tail|p2a: Zapdos\n|-damage|p2a: Zapdos|42/100\n|move|p2a: Zapdos|Hurricane|p1a: Garchomp|[miss]\n|-miss|p2a: Zapdos|p1a: Garchomp\n|\n|upkeep\n|turn|7\n|\n|t:|1791210195\n|move|p1a: Garchomp|Aqua Tail|p2a: Zapdos\n|-damage|p2a: Zapdos|0 fnt\n|faint|p2a: Zapdos\n|\n|-end|p1a: Garchomp|move: Future Sight\n|-damage|p1a: Garchomp|0 fnt\n|faint|p1a: Garchomp\n|upkeep\n|\n|t:|1791210207\n|switch|p1a: Pelipper|Pelipper, F|100/100\n|switch|p2a: Dragapult|Dragapult, M|100/100\n|-damage|p2a: Dragapult|88/100|[from] Stealth Rock\n|-damage|p1a: Pelipper|76/100|[from] Stealth Rock\n|-weather|RainDance|[from] ability: Drizzle|[of] p1a: Pelipper\n|turn|8\n|\n|t:|1791210222\n|switch|p1a: Ferrothorn|Ferrothorn, F|100/100\n|-damage|p1a: Ferrothorn|94/100|[from] Stealth Rock\n|move|p2a: Dragapult|Shadow Ball|p1a: Ferrothorn\n|-damage|p1a: Ferrothorn|57/100\n|\n|-weather|RainDance|[upkeep]\n|upkeep\n|turn|9\n|\n|t:|1791210231\n|-start|p2a: Dragapult|Dynamax|\n|-heal|p2a: Dragapult|88/100|[silent]\n|move|p2a: Dragapult|Max Flare|p1a: Ferrothorn\n|-supereffective|p1a: Ferrothorn\n|-damage|p1a: Ferrothorn|5/100\n|-weather|SunnyDay\n|move|p1a: Ferrothorn|Knock Off|p2a: Dragapult\n|-supereffective|p2a: Dragapult\n|-damage|p2a: Dragapult|58/100\n|-enditem|p2a: Dragapult|Choice Specs|[from] move: Knock Off|[of] p1a: Ferrothorn\n|\n|-weather|SunnyDay|[upkeep]\n|-fieldend|move: Psychic Terrain\n|upkeep\n|turn|10\n|\n|t:|1791210244\n|move|p2a: Dragapult|Max Phantasm|p1a: Ferrothorn\n|-damage|p1a: Ferrothorn|0 fnt\n|faint|p1a: Ferrothorn\n|\n|-weather|SunnyDay|[upkeep]\n|upkeep\n|\n|t:|1791210254\n|switch|p1a: Zapdos|Zapdos|100/100\n|turn|11\n|\n|t:|1791210263\n|switch|p1a: Tapu Lele|Tapu Lele|100/100\n|-damage|p1a: Tapu Lele|88/100|[from] Stealth Rock\n|-fieldstart|move: Psychic Terrain|[from] ability: Psychic Surge|[of] p1a: Tapu Lele\n|move|p2a: Dragapult|Max Wyrmwind|p1a: Tapu Lele\n|-immune|p1a: Tapu Lele\n|\n|-weather|SunnyDay|[upkeep]\n|upkeep\n|-end|p2a: Dragapult|Dynamax\n|-heal|p2a: Dragapult|58/100|[silent]\n|turn|12\n|\n|t:|1791210272\n|move|p2a: Dragapult|Shadow Ball|p1a: Tapu Lele\n|-supereffective|p1a: Tapu Lele\n|-damage|p1a: Tapu Lele|0 fnt\n|faint|p1a: Tapu Lele\n|\n|-weather|SunnyDay|[upkeep]\n|upkeep\n|\n|t:|1791210277\n|switch|p1a: Pelipper|Pelipper, F|76/100\n|-damage|p1a: Pelipper|51/100|[from] Stealth Rock\n|-weather|RainDance|[from] ability: Drizzle|[of] p1a: Pelipper\n|turn|13\n|\n|t:|1791210295\n|move|p2a: Dragapult|Shadow Ball|p1a: Pelipper\n|-damage|p1a: Pelipper|4/100\n|move|p1a: Pelipper|U-turn|p2a: Dragapult\n|-resisted|p2a: Dragapult\n|-damage|p2a: Dragapult|51/100\n|\n|t:|1791210300\n|switch|p1a: Barraskewda|Barraskewda, M|100/100|[from] U-turn\n|-damage|p1a: Barraskewda|88/100|[from] Stealth Rock\n|\n|-weather|RainDance|[upkeep]\n|upkeep\n|turn|14\n|inactive|Moongirlll has 120 seconds left.\n|\n|t:|1791210341\n|move|p1a: Barraskewda|Liquidation|p2a: Dragapult\n|-resisted|p2a: Dragapult\n|-damage|p2a: Dragapult|0 fnt\n|faint|p2a: Dragapult\n|\n|-weather|RainDance|[upkeep]\n|upkeep\n|\n|t:|1791210355\n|switch|p2a: Urshifu|Urshifu-Rapid-Strike, F|100/100\n|-damage|p2a: Urshifu|94/100|[from] Stealth Rock\n|turn|15\n|\n|t:|1791210364\n|switch|p1a: Pelipper|Pelipper, F|4/100\n|-damage|p1a: Pelipper|0 fnt|[from] Stealth Rock\n|faint|p1a: Pelipper\n|move|p2a: Urshifu|Close Combat|p1: Pelipper|[notarget]\n|-fail|p2a: Urshifu\n|\n|-weather|RainDance|[upkeep]\n|-fieldend|move: Psychic Terrain\n|upkeep\n|\n|t:|1791210372\n|switch|p1a: Zapdos|Zapdos|100/100\n|turn|16\n|inactive|Moongirlll has 120 seconds left.\n|\n|t:|1791210399\n|switch|p2a: Melmetal|Melmetal|100/100\n|-damage|p2a: Melmetal|94/100|[from] Stealth Rock\n|-start|p1a: Zapdos|Dynamax|\n|-heal|p1a: Zapdos|100/100|[silent]\n|move|p1a: Zapdos|Max Airstream|p2a: Melmetal\n|-resisted|p2a: Melmetal\n|-damage|p2a: Melmetal|64/100\n|-boost|p1a: Zapdos|spe|1\n|\n|-weather|RainDance|[upkeep]\n|-heal|p2a: Melmetal|70/100|[from] item: Leftovers\n|upkeep\n|turn|17\n|\n|t:|1791210408\n|move|p2a: Melmetal|Protect|p2a: Melmetal\n|-singleturn|p2a: Melmetal|Protect\n|move|p1a: Zapdos|Max Lightning|p2a: Melmetal\n|-zbroken|p2a: Melmetal\n|-damage|p2a: Melmetal|55/100\n|-fieldstart|move: Electric Terrain\n|\n|-weather|RainDance|[upkeep]\n|-heal|p2a: Melmetal|61/100|[from] item: Leftovers\n|upkeep\n|turn|18\n|j| testzza\n|inactive|Moongirlll has 90 seconds left.\n|\n|t:|1791210444\n|move|p1a: Zapdos|Max Lightning|p2a: Melmetal\n|-damage|p2a: Melmetal|0 fnt\n|faint|p2a: Melmetal\n|\n|-weather|RainDance|[upkeep]\n|upkeep\n|\n|t:|1791210446\n|switch|p2a: Urshifu|Urshifu-Rapid-Strike, F|94/100\n|-damage|p2a: Urshifu|88/100|[from] Stealth Rock\n|-end|p1a: Zapdos|Dynamax\n|-heal|p1a: Zapdos|100/100|[silent]\n|turn|19\n|j| Bravo-Schiggy\n|\n|t:|1791210454\n|move|p1a: Zapdos|Thunder|p2a: Urshifu\n|-supereffective|p2a: Urshifu\n|-damage|p2a: Urshifu|0 fnt\n|faint|p2a: Urshifu\n|\n|win|Ntilikina\n|n|\u2606Ntilikina|ntilikina\n|n|\u2606Moongirlll|moongirlll\n|n|*Lady Monita |ladymonita\n|n| testzza|testzza\n|n| Bravo-Schiggy|bravoschiggy\n", "uploadtime": 1791210454, "views": "2", "formatid": "gen8ou", "rating": null, "private": 0, "password": null}