{"id": "gen8ou-2692365369", "format": "[Gen 8] OU", "players": ["Nasir1", "Dugtrio Is Broken"], "log": "|j|\u2606Nasir1\n|j|\u2606Dugtrio Is Broken\n|inactive|Battle timer is ON: inactive players will automatically lose when time's up.\n|t:|1791063288\n|gametype|singles\n|player|p1|Nasir1|#ptslidrampas|\n|player|p2|Dugtrio Is Broken|#splxviicryonicles2|\n|gen|8\n|tier|[Gen 8] OU\n|rated|Tournament battle\n|rule|HP Percentage Mod: HP is shown in percentages\n|rule|Endless Battle Clause: Forcing endless battles is banned\n|rule|Sleep Clause Mod: Limit one foe put to sleep\n|rule|Species Clause: Limit one of each Pok\u00e9mon\n|rule|OHKO Clause: OHKO moves are banned\n|rule|Evasion Items Clause: Evasion items are banned\n|rule|Evasion Moves Clause: Evasion moves are banned\n|rule|Dynamax Clause: You cannot dynamax\n|clearpoke\n|poke|p1|Garchomp, M|\n|poke|p1|Heatran, M|\n|poke|p1|Kartana|\n|poke|p1|Rillaboom, M|\n|poke|p1|Tapu Lele|\n|poke|p1|Zapdos|\n|poke|p2|Garchomp, M|\n|poke|p2|Tapu Lele|\n|poke|p2|Hawlucha, F|\n|poke|p2|Kartana|\n|poke|p2|Tapu Fini|\n|poke|p2|Landorus-Therian, M|\n|teampreview\n|inactive|Dugtrio Is Broken also wants the timer to be on.\n|j| SouCarlos\n|c|\u2606Nasir1|hf\n|j| Isabel \u2764 Schmitt\n|j| A HERO'S DESTINY\n|j|+Mattz_\n|j| robssss\n|c|\u2606Dugtrio Is Broken|=\n|c|\u2606Nasir1|KKKKKKKKKKKK veio td mundo assistir eu ser espancado\n|c| SouCarlos|\u00d3bvio\n|inactive|Nasir1 has 120 seconds left.\n|inactive|Nasir1 has 90 seconds left.\n|\n|t:|1791063356\n|teamsize|p1|6\n|teamsize|p2|6\n|start\n|switch|p1a: Heatran|Heatran, M|100/100\n|switch|p2a: Garchomp|Garchomp, M|100/100\n|-item|p1a: Heatran|Air Balloon\n|turn|1\n|\n|t:|1791063365\n|move|p2a: Garchomp|Scale Shot|p1a: Heatran\n|-resisted|p1a: Heatran\n|-damage|p1a: Heatran|96/100\n|-enditem|p1a: Heatran|Air Balloon\n|-resisted|p1a: Heatran\n|-damage|p1a: Heatran|91/100\n|-hitcount|p1a: Heatran|2\n|-unboost|p2a: Garchomp|def|1\n|-boost|p2a: Garchomp|spe|1\n|-damage|p2a: Garchomp|91/100|[from] item: Life Orb\n|move|p1a: Heatran|Stealth Rock|p2a: Garchomp\n|-sidestart|p2: Dugtrio Is Broken|move: Stealth Rock\n|\n|upkeep\n|turn|2\n|\n|t:|1791063373\n|switch|p1a: Rillaboom|Rillaboom, M|100/100\n|-fieldstart|move: Grassy Terrain|[from] ability: Grassy Surge|[of] p1a: Rillaboom\n|move|p2a: Garchomp|Swords Dance|p2a: Garchomp\n|-boost|p2a: Garchomp|atk|2\n|\n|-heal|p2a: Garchomp|97/100|[from] Grassy Terrain\n|upkeep\n|turn|3\n|\n|t:|1791063379\n|move|p1a: Rillaboom|Grassy Glide|p2a: Garchomp\n|-damage|p2a: Garchomp|0 fnt\n|-damage|p1a: Rillaboom|88/100|[from] ability: Rough Skin|[of] p2a: Garchomp\n|faint|p2a: Garchomp\n|-damage|p1a: Rillaboom|78/100|[from] item: Life Orb\n|\n|-heal|p1a: Rillaboom|84/100|[from] Grassy Terrain\n|upkeep\n|j| fate1q\n|c|\u2606Dugtrio Is Broken|Caralho\n|\n|t:|1791063400\n|switch|p2a: Tapu Lele|Tapu Lele|100/100\n|-damage|p2a: Tapu Lele|88/100|[from] Stealth Rock\n|-fieldstart|move: Psychic Terrain|[from] ability: Psychic Surge|[of] p2a: Tapu Lele\n|turn|4\n|c|\u2606Nasir1|eh mano\n|\n|t:|1791063408\n|switch|p1a: Heatran|Heatran, M|91/100\n|move|p2a: Tapu Lele|Calm Mind|p2a: Tapu Lele\n|-boost|p2a: Tapu Lele|spa|1\n|-boost|p2a: Tapu Lele|spd|1\n|\n|upkeep\n|turn|5\n|\n|t:|1791063415\n|move|p2a: Tapu Lele|Focus Blast|p1a: Heatran\n|-supereffective|p1a: Heatran\n|-damage|p1a: Heatran|0 fnt\n|faint|p1a: Heatran\n|-damage|p2a: Tapu Lele|78/100|[from] item: Life Orb\n|\n|upkeep\n|\n|t:|1791063431\n|switch|p1a: Kartana|Kartana|100/100\n|turn|6\n|\n|t:|1791063444\n|move|p1a: Kartana|Leaf Blade|p2a: Tapu Lele\n|-damage|p2a: Tapu Lele|15/100\n|move|p2a: Tapu Lele|Moonblast|p1a: Kartana\n|-resisted|p1a: Kartana\n|-damage|p1a: Kartana|0 fnt\n|faint|p1a: Kartana\n|-damage|p2a: Tapu Lele|5/100|[from] item: Life Orb\n|\n|upkeep\n|\n|t:|1791063452\n|switch|p1a: Rillaboom|Rillaboom, M|84/100\n|-fieldstart|move: Grassy Terrain|[from] ability: Grassy Surge|[of] p1a: Rillaboom\n|turn|7\n|\n|t:|1791063459\n|switch|p2a: Kartana|Kartana|100/100\n|-damage|p2a: Kartana|94/100|[from] Stealth Rock\n|move|p1a: Rillaboom|Grassy Glide|p2a: Kartana\n|-resisted|p2a: Kartana\n|-damage|p2a: Kartana|78/100\n|-damage|p1a: Rillaboom|74/100|[from] item: Life Orb\n|\n|-heal|p2a: Kartana|84/100|[from] Grassy Terrain\n|-heal|p1a: Rillaboom|81/100|[from] Grassy Terrain\n|upkeep\n|turn|8\n|j| wssi\n|c| wssi|kkkkkkkkkkkkkkk\n|\n|t:|1791063473\n|switch|p1a: Zapdos|Zapdos|100/100\n|move|p2a: Kartana|Leaf Blade|p1a: Zapdos\n|-resisted|p1a: Zapdos\n|-damage|p1a: Zapdos|27/100\n|-status|p2a: Kartana|par|[from] ability: Static|[of] p1a: Zapdos\n|\n|-heal|p2a: Kartana|90/100 par|[from] Grassy Terrain\n|upkeep\n|turn|9\n|c| wssi|pelo que\n|c| wssi|isso\n|c|\u2606Nasir1|roomtour KKKKKKKKKKKKKKK\n|c|\u2606Nasir1|jogao ta\n|\n|t:|1791063494\n|switch|p2a: Landorus|Landorus-Therian, M|100/100\n|-damage|p2a: Landorus|88/100|[from] Stealth Rock\n|-ability|p2a: Landorus|Intimidate|boost\n|-unboost|p1a: Zapdos|atk|1\n|move|p1a: Zapdos|Hurricane|p2a: Landorus|[miss]\n|-miss|p1a: Zapdos|p2a: Landorus\n|\n|upkeep\n|turn|10\n|l| SouCarlos\n|\n|t:|1791063505\n|switch|p1a: Tapu Lele|Tapu Lele|100/100\n|-fieldstart|move: Psychic Terrain|[from] ability: Psychic Surge|[of] p1a: Tapu Lele\n|move|p2a: Landorus|Defog|p1a: Tapu Lele\n|-unboost|p1a: Tapu Lele|evasion|1\n|-sideend|p2: Dugtrio Is Broken|Stealth Rock|[from] move: Defog|[of] p2a: Landorus\n|-fieldend|move: Psychic Terrain\n|\n|upkeep\n|turn|11\n|c| wssi|aura\n|c| fate1q|um ta banido dos team tours o outro \u00e9 o proximo\n|c| fate1q|jogao\n|inactive|Dugtrio Is Broken has 120 seconds left.\n|\n|t:|1791063539\n|switch|p2a: Kartana|Kartana|90/100 par\n|move|p1a: Tapu Lele|Future Sight|p2a: Kartana\n|-start|p1a: Tapu Lele|move: Future Sight\n|\n|upkeep\n|turn|12\n|\n|t:|1791063545\n|switch|p1a: Zapdos|Zapdos|27/100\n|switch|p2a: Landorus|Landorus-Therian, M|88/100\n|-ability|p2a: Landorus|Intimidate|boost\n|-unboost|p1a: Zapdos|atk|1\n|\n|upkeep\n|turn|13\n|j| SouCarlos\n|j| bernaftw\n|l| fate1q\n|inactive|Dugtrio Is Broken has 120 seconds left.\n|c| bernaftw|custom irado nassir\n|\n|t:|1791063570\n|switch|p2a: Tapu Lele|Tapu Lele|5/100\n|-fieldstart|move: Psychic Terrain|[from] ability: Psychic Surge|[of] p2a: Tapu Lele\n|move|p1a: Zapdos|Hurricane|p2a: Tapu Lele|[miss]\n|-miss|p1a: Zapdos|p2a: Tapu Lele\n|\n|-end|p2a: Tapu Lele|move: Future Sight\n|-resisted|p2a: Tapu Lele\n|-damage|p2a: Tapu Lele|0 fnt\n|faint|p2a: Tapu Lele\n|upkeep\n|c|\u2606Nasir1|tmj berna\n|c|\u2606Nasir1|o seu eh brabissimo tb\n|\n|t:|1791063590\n|switch|p2a: Hawlucha|Hawlucha, F|100/100\n|-enditem|p2a: Hawlucha|Psychic Seed\n|-boost|p2a: Hawlucha|spd|1|[from] item: Psychic Seed\n|turn|14\n|j| GRENINJA_mdm\n|\n|t:|1791063595\n|move|p2a: Hawlucha|Stone Edge|p1a: Zapdos\n|-supereffective|p1a: Zapdos\n|-damage|p1a: Zapdos|0 fnt\n|faint|p1a: Zapdos\n|\n|upkeep\n|\n|t:|1791063597\n|switch|p1a: Garchomp|Garchomp, M|100/100\n|turn|15\n|inactive|Dugtrio Is Broken has 120 seconds left.\n|j| fate1q\n|j| AmoMeuPaieMinhaMae\n|\n|t:|1791063629\n|move|p2a: Hawlucha|Acrobatics|p1a: Garchomp\n|-damage|p1a: Garchomp|53/100\n|-damage|p2a: Hawlucha|88/100|[from] ability: Rough Skin|[of] p1a: Garchomp\n|move|p1a: Garchomp|Scale Shot|p2a: Hawlucha\n|-damage|p2a: Hawlucha|71/100\n|-damage|p2a: Hawlucha|55/100\n|-damage|p2a: Hawlucha|38/100\n|-damage|p2a: Hawlucha|21/100\n|-hitcount|p2a: Hawlucha|4\n|-unboost|p1a: Garchomp|def|1\n|-boost|p1a: Garchomp|spe|1\n|\n|-heal|p1a: Garchomp|59/100|[from] item: Leftovers\n|upkeep\n|turn|16\n|\n|t:|1791063644\n|move|p2a: Hawlucha|Acrobatics|p1a: Garchomp\n|-damage|p1a: Garchomp|0 fnt\n|-damage|p2a: Hawlucha|9/100|[from] ability: Rough Skin|[of] p1a: Garchomp\n|faint|p1a: Garchomp\n|\n|upkeep\n|\n|t:|1791063647\n|switch|p1a: Rillaboom|Rillaboom, M|81/100\n|-fieldstart|move: Grassy Terrain|[from] ability: Grassy Surge|[of] p1a: Rillaboom\n|turn|17\n|\n|t:|1791063653\n|switch|p2a: Tapu Fini|Tapu Fini|100/100\n|-fieldstart|move: Misty Terrain|[from] ability: Misty Surge|[of] p2a: Tapu Fini\n|move|p1a: Rillaboom|Grassy Glide|p2a: Tapu Fini\n|-supereffective|p2a: Tapu Fini\n|-damage|p2a: Tapu Fini|3/100\n|-damage|p1a: Rillaboom|71/100|[from] item: Life Orb\n|\n|-heal|p2a: Tapu Fini|9/100|[from] item: Leftovers\n|upkeep\n|turn|18\n|inactive|Dugtrio Is Broken has 120 seconds left.\n|j| NinjaCaro\n|\n|t:|1791063670\n|switch|p2a: Kartana|Kartana|90/100 par\n|move|p1a: Rillaboom|Grassy Glide|p2a: Kartana\n|-resisted|p2a: Kartana\n|-damage|p2a: Kartana|78/100 par\n|-damage|p1a: Rillaboom|61/100|[from] item: Life Orb\n|\n|upkeep\n|turn|19\n|inactive|Dugtrio Is Broken has 120 seconds left.\n|\n|t:|1791063695\n|move|p1a: Rillaboom|Superpower|p2a: Kartana\n|-supereffective|p2a: Kartana\n|-damage|p2a: Kartana|0 fnt\n|-unboost|p1a: Rillaboom|atk|1\n|-unboost|p1a: Rillaboom|def|1\n|faint|p2a: Kartana\n|-damage|p1a: Rillaboom|51/100|[from] item: Life Orb\n|\n|upkeep\n|inactive|Dugtrio Is Broken has 90 seconds left.\n|j| itsrazorr\n|\n|t:|1791063729\n|switch|p2a: Hawlucha|Hawlucha, F|9/100\n|turn|20\n|\n|t:|1791063734\n|switch|p1a: Tapu Lele|Tapu Lele|100/100\n|-fieldstart|move: Psychic Terrain|[from] ability: Psychic Surge|[of] p1a: Tapu Lele\n|move|p2a: Hawlucha|Acrobatics|p1a: Tapu Lele\n|-damage|p1a: Tapu Lele|21/100\n|\n|upkeep\n|turn|21\n|j| mipc\n|\n|t:|1791063747\n|move|p1a: Tapu Lele|Psychic|p2a: Hawlucha\n|-supereffective|p2a: Hawlucha\n|-damage|p2a: Hawlucha|0 fnt\n|faint|p2a: Hawlucha\n|\n|upkeep\n|\n|t:|1791063750\n|switch|p2a: Landorus|Landorus-Therian, M|88/100\n|-ability|p2a: Landorus|Intimidate|boost\n|-unboost|p1a: Tapu Lele|atk|1\n|turn|22\n|\n|t:|1791063753\n|move|p2a: Landorus|Earthquake|p1a: Tapu Lele\n|-damage|p1a: Tapu Lele|0 fnt\n|faint|p1a: Tapu Lele\n|\n|upkeep\n|\n|t:|1791063755\n|switch|p1a: Rillaboom|Rillaboom, M|51/100\n|-fieldstart|move: Grassy Terrain|[from] ability: Grassy Surge|[of] p1a: Rillaboom\n|turn|23\n|j| anos luz\n|\n|t:|1791063771\n|switch|p2a: Tapu Fini|Tapu Fini|9/100\n|-fieldstart|move: Misty Terrain|[from] ability: Misty Surge|[of] p2a: Tapu Fini\n|move|p1a: Rillaboom|Swords Dance|p1a: Rillaboom\n|-boost|p1a: Rillaboom|atk|2\n|\n|-heal|p2a: Tapu Fini|15/100|[from] item: Leftovers\n|upkeep\n|turn|24\n|\n|t:|1791063774\n|move|p1a: Rillaboom|Grassy Glide|p2a: Tapu Fini\n|-supereffective|p2a: Tapu Fini\n|-damage|p2a: Tapu Fini|0 fnt\n|faint|p2a: Tapu Fini\n|-damage|p1a: Rillaboom|41/100|[from] item: Life Orb\n|\n|upkeep\n|\n|t:|1791063776\n|switch|p2a: Landorus|Landorus-Therian, M|88/100\n|-ability|p2a: Landorus|Intimidate|boost\n|-unboost|p1a: Rillaboom|atk|1\n|turn|25\n|c|\u2606Dugtrio Is Broken|G_G\n|\n|t:|1791063779\n|move|p2a: Landorus|U-turn|p1a: Rillaboom\n|-supereffective|p1a: Rillaboom\n|-damage|p1a: Rillaboom|0 fnt\n|faint|p1a: Rillaboom\n|\n|win|Dugtrio Is Broken\n|n|\u2606Nasir1|nasir1\n|n|\u2606Dugtrio Is Broken|dugtrioisbroken\n|n| Isabel \u2764 Schmitt|isabelschmitt\n|n| A HERO'S DESTINY|aherosdestiny\n|n| Mattz_|mattz\n|n| robssss|robssss\n|n| wssi|wssi\n|n| SouCarlos|soucarlos\n|n| bernaftw|bernaftw\n|n| GRENINJA_mdm|greninjamdm\n|n| fate1q|fate1q\n|n| AmoMeuPaieMinhaMae|amomeupaieminhamae\n|n| NinjaCaro|ninjacaro\n|n| itsrazorr|itsrazorr\n|n| mipc|mipc\n|n| anos luz|anosluz\n|c|\u2606Nasir1|gg\n", "uploadtime": 1791063779, "views": "1", "formatid": "gen8ou", "rating": null, "private": 0, "password": null}