{"id": "gen8ou-2693692827", "format": "[Gen 8] OU", "players": ["edgypunishment", "Yokaisummoner"], "log": "|j|\u2606edgypunishment\n|j|\u2606Yokaisummoner\n|t:|1791279554\n|gametype|singles\n|player|p1|edgypunishment|acetrainer-gen4dp|1125\n|player|p2|Yokaisummoner|scientistf|1000\n|gen|8\n|tier|[Gen 8] OU\n|rated|\n|rule|HP Percentage Mod: HP is shown in percentages\n|rule|Endless Battle Clause: Forcing endless battles is banned\n|rule|Sleep Clause Mod: Limit one foe put to sleep\n|rule|Species Clause: Limit one of each Pok\u00e9mon\n|rule|OHKO Clause: OHKO moves are banned\n|rule|Evasion Items Clause: Evasion items are banned\n|rule|Evasion Moves Clause: Evasion moves are banned\n|rule|Dynamax Clause: You cannot dynamax\n|clearpoke\n|poke|p1|Mienshao, M|\n|poke|p1|Gallade, M|\n|poke|p1|Blaziken, F|\n|poke|p1|Toxicroak, M|\n|poke|p1|Scrafty, M|\n|poke|p1|Lucario, F|\n|poke|p2|Primarina, F|\n|poke|p2|Mienshao, M|\n|poke|p2|Mew|\n|poke|p2|Blissey, F|\n|poke|p2|Nidoking, M|\n|poke|p2|Aerodactyl, M|\n|teampreview\n|inactive|Battle timer is ON: inactive players will automatically lose when time's up. (requested by edgypunishment)\n|\n|t:|1791279564\n|teamsize|p1|6\n|teamsize|p2|6\n|start\n|switch|p1a: Mienshao|Mienshao, M|100/100\n|switch|p2a: Aerodactyl|Aerodactyl, M|100/100\n|turn|1\n|\n|t:|1791279581\n|move|p1a: Mienshao|Fake Out|p2a: Aerodactyl\n|-resisted|p2a: Aerodactyl\n|-damage|p2a: Aerodactyl|88/100\n|-damage|p1a: Mienshao|91/100|[from] item: Life Orb\n|cant|p2a: Aerodactyl|flinch\n|\n|upkeep\n|turn|2\n|\n|t:|1791279590\n|move|p2a: Aerodactyl|Dual Wingbeat|p1a: Mienshao\n|-supereffective|p1a: Mienshao\n|-damage|p1a: Mienshao|32/100\n|-supereffective|p1a: Mienshao\n|-damage|p1a: Mienshao|0 fnt\n|faint|p1a: Mienshao\n|-hitcount|p1: Mienshao|2\n|\n|upkeep\n|\n|t:|1791279607\n|switch|p1a: Lucario|Lucario, F|100/100\n|turn|3\n|\n|t:|1791279616\n|move|p2a: Aerodactyl|Stealth Rock|p1a: Lucario\n|-sidestart|p1: edgypunishment|move: Stealth Rock\n|move|p1a: Lucario|Meteor Mash|p2a: Aerodactyl\n|-supereffective|p2a: Aerodactyl\n|-damage|p2a: Aerodactyl|0 fnt\n|faint|p2a: Aerodactyl\n|\n|upkeep\n|\n|t:|1791279629\n|switch|p2a: Nidoking|Nidoking, M|100/100\n|turn|4\n|\n|t:|1791279638\n|move|p2a: Nidoking|Earthquake|p1a: Lucario\n|-supereffective|p1a: Lucario\n|-damage|p1a: Lucario|0 fnt\n|faint|p1a: Lucario\n|\n|upkeep\n|\n|t:|1791279653\n|switch|p1a: Gallade|Gallade, M|100/100\n|-damage|p1a: Gallade|94/100|[from] Stealth Rock\n|turn|5\n|\n|t:|1791279660\n|switch|p2a: Mew|Mew|100/100\n|move|p1a: Gallade|Psycho Cut|p2a: Mew\n|-resisted|p2a: Mew\n|-damage|p2a: Mew|74/100\n|\n|-heal|p2a: Mew|80/100|[from] item: Leftovers\n|upkeep\n|turn|6\n|\n|t:|1791279671\n|switch|p1a: Scrafty|Scrafty, M|100/100\n|-damage|p1a: Scrafty|94/100|[from] Stealth Rock\n|move|p2a: Mew|Psychic|p1a: Scrafty\n|-immune|p1a: Scrafty\n|\n|-heal|p2a: Mew|86/100|[from] item: Leftovers\n|-heal|p1a: Scrafty|100/100|[from] item: Leftovers\n|upkeep\n|turn|7\n|\n|t:|1791279690\n|move|p1a: Scrafty|Dragon Dance|p1a: Scrafty\n|-boost|p1a: Scrafty|atk|1\n|-boost|p1a: Scrafty|spe|1\n|move|p2a: Mew|Giga Drain|p1a: Scrafty\n|-damage|p1a: Scrafty|82/100\n|-heal|p2a: Mew|93/100|[from] drain|[of] p1a: Scrafty\n|\n|-heal|p1a: Scrafty|88/100|[from] item: Leftovers\n|-heal|p2a: Mew|99/100|[from] item: Leftovers\n|upkeep\n|turn|8\n|\n|t:|1791279701\n|switch|p2a: Mienshao|Mienshao, M|100/100\n|move|p1a: Scrafty|Dragon Dance|p1a: Scrafty\n|-boost|p1a: Scrafty|atk|1\n|-boost|p1a: Scrafty|spe|1\n|\n|-heal|p1a: Scrafty|94/100|[from] item: Leftovers\n|upkeep\n|turn|9\n|\n|t:|1791279711\n|move|p2a: Mienshao|Drain Punch|p1a: Scrafty\n|-supereffective|p1a: Scrafty\n|-damage|p1a: Scrafty|16/100\n|move|p1a: Scrafty|Drain Punch|p2a: Mienshao\n|-damage|p2a: Mienshao|0 fnt\n|-heal|p1a: Scrafty|66/100|[from] drain|[of] p2a: Mienshao\n|faint|p2a: Mienshao\n|\n|-heal|p1a: Scrafty|73/100|[from] item: Leftovers\n|upkeep\n|\n|t:|1791279722\n|switch|p2a: Mew|Mew|99/100\n|turn|10\n|\n|t:|1791279727\n|switch|p2a: Nidoking|Nidoking, M|100/100\n|move|p1a: Scrafty|Knock Off|p2a: Nidoking\n|-damage|p2a: Nidoking|0 fnt\n|-enditem|p2a: Nidoking|Assault Vest|[from] move: Knock Off|[of] p1a: Scrafty\n|faint|p2a: Nidoking\n|\n|-heal|p1a: Scrafty|79/100|[from] item: Leftovers\n|upkeep\n|\n|t:|1791279738\n|switch|p2a: Saorise|Primarina, F|100/100\n|turn|11\n|\n|t:|1791279748\n|move|p1a: Scrafty|Iron Head|p2a: Saorise\n|-damage|p2a: Saorise|51/100\n|cant|p2a: Saorise|flinch\n|\n|-heal|p1a: Scrafty|85/100|[from] item: Leftovers\n|upkeep\n|turn|12\n|\n|t:|1791279768\n|move|p1a: Scrafty|Knock Off|p2a: Saorise\n|-resisted|p2a: Saorise\n|-damage|p2a: Saorise|6/100\n|-enditem|p2a: Saorise|Assault Vest|[from] move: Knock Off|[of] p1a: Scrafty\n|move|p2a: Saorise|Draining Kiss|p1a: Scrafty\n|-supereffective|p1a: Scrafty\n|-damage|p1a: Scrafty|0 fnt\n|-heal|p2a: Saorise|54/100|[from] drain|[of] p1a: Scrafty\n|faint|p1a: Scrafty\n|\n|upkeep\n|inactive|edgypunishment has 120 seconds left.\n|\n|t:|1791279790\n|switch|p1a: Toxicroak|Toxicroak, M|100/100\n|-damage|p1a: Toxicroak|94/100|[from] Stealth Rock\n|turn|13\n|l|\u2606edgypunishment\n|inactive|edgypunishment disconnected and has a minute to reconnect!\n|player|p1|\n|j|\u2606edgypunishment\n|inactive|edgypunishment reconnected and has 120 seconds left.\n|player|p1|edgypunishment|acetrainer-gen4dp|\n|\n|t:|1791279805\n|switch|p2a: Mew|Mew|99/100\n|move|p1a: Toxicroak|Poison Jab|p2a: Mew\n|-crit|p2a: Mew\n|-damage|p2a: Mew|58/100\n|-status|p2a: Mew|psn\n|-activate|p2a: Mew|ability: Synchronize\n|-immune|p1a: Toxicroak\n|\n|-heal|p2a: Mew|64/100 psn|[from] item: Leftovers\n|-damage|p2a: Mew|52/100 psn|[from] psn\n|upkeep\n|turn|14\n|inactive|edgypunishment has 120 seconds left.\n|\n|t:|1791279820\n|move|p1a: Toxicroak|Sucker Punch|p2a: Mew\n|-supereffective|p2a: Mew\n|-damage|p2a: Mew|20/100 psn\n|move|p2a: Mew|Psychic|p1a: Toxicroak\n|-supereffective|p1a: Toxicroak\n|-damage|p1a: Toxicroak|0 fnt\n|-enditem|p1a: Toxicroak|Rowap Berry|[eat]\n|-damage|p2a: Mew|7/100 psn|[from] item: Rowap Berry|[of] p1a: Toxicroak\n|faint|p1a: Toxicroak\n|\n|-heal|p2a: Mew|13/100 psn|[from] item: Leftovers\n|-damage|p2a: Mew|1/100 psn|[from] psn\n|upkeep\n|l|\u2606edgypunishment\n|inactive|edgypunishment disconnected and has a minute to reconnect!\n|player|p1|\n|j|\u2606edgypunishment\n|inactive|edgypunishment reconnected and has 95 seconds left.\n|player|p1|edgypunishment|acetrainer-gen4dp|\n|inactive|edgypunishment has 90 seconds left.\n|\n|t:|1791279854\n|switch|p1a: Gallade|Gallade, M|94/100\n|-damage|p1a: Gallade|88/100|[from] Stealth Rock\n|turn|15\n|\n|t:|1791279859\n|move|p2a: Mew|Soft-Boiled|p2a: Mew\n|-heal|p2a: Mew|51/100 psn\n|move|p1a: Gallade|Trick|p2a: Mew\n|-activate|p1a: Gallade|move: Trick|[of] p2a: Mew\n|-item|p2a: Mew|Choice Band|[from] move: Trick\n|-item|p1a: Gallade|Leftovers|[from] move: Trick\n|\n|-heal|p1a: Gallade|94/100|[from] item: Leftovers\n|-damage|p2a: Mew|39/100 psn|[from] psn\n|upkeep\n|turn|16\n|\n|t:|1791279872\n|move|p1a: Gallade|Shadow Sneak|p2a: Mew\n|-supereffective|p2a: Mew\n|-damage|p2a: Mew|14/100 psn\n|move|p2a: Mew|Psychic|p1a: Gallade\n|-damage|p1a: Gallade|61/100\n|\n|-heal|p1a: Gallade|67/100|[from] item: Leftovers\n|-damage|p2a: Mew|2/100 psn|[from] psn\n|upkeep\n|turn|17\n|\n|t:|1791279881\n|move|p1a: Gallade|Shadow Sneak|p2a: Mew\n|-supereffective|p2a: Mew\n|-damage|p2a: Mew|0 fnt\n|faint|p2a: Mew\n|\n|-heal|p1a: Gallade|73/100|[from] item: Leftovers\n|upkeep\n|\n|t:|1791279889\n|switch|p2a: Blissey|Blissey, F|100/100\n|turn|18\n|\n|t:|1791279899\n|move|p1a: Gallade|Psycho Cut|p2a: Blissey\n|-crit|p2a: Blissey\n|-damage|p2a: Blissey|52/100\n|move|p2a: Blissey|Wish|p2a: Blissey\n|\n|-heal|p1a: Gallade|79/100|[from] item: Leftovers\n|-heal|p2a: Blissey|58/100|[from] item: Leftovers\n|upkeep\n|turn|19\n|\n|t:|1791279910\n|switch|p2a: Saorise|Primarina, F|54/100\n|move|p1a: Gallade|Drain Punch|p2a: Saorise\n|-resisted|p2a: Saorise\n|-damage|p2a: Saorise|30/100\n|-heal|p1a: Gallade|95/100|[from] drain|[of] p2a: Saorise\n|\n|-heal|p2a: Saorise|100/100|[from] move: Wish|[wisher] Blissey\n|-heal|p1a: Gallade|100/100|[from] item: Leftovers\n|upkeep\n|turn|20\n|inactive|edgypunishment has 120 seconds left.\n|\n|t:|1791279922\n|move|p1a: Gallade|Psycho Cut|p2a: Saorise\n|-crit|p2a: Saorise\n|-damage|p2a: Saorise|25/100\n|move|p2a: Saorise|Draining Kiss|p1a: Gallade\n|-supereffective|p1a: Gallade\n|-damage|p1a: Gallade|44/100\n|-heal|p2a: Saorise|58/100|[from] drain|[of] p1a: Gallade\n|\n|-heal|p1a: Gallade|50/100|[from] item: Leftovers\n|upkeep\n|turn|21\n|inactive|edgypunishment has 120 seconds left.\n|\n|t:|1791279932\n|move|p1a: Gallade|Psycho Cut|p2a: Saorise\n|-crit|p2a: Saorise\n|-damage|p2a: Saorise|0 fnt\n|faint|p2a: Saorise\n|\n|-heal|p1a: Gallade|56/100|[from] item: Leftovers\n|upkeep\n|\n|t:|1791279938\n|switch|p2a: Blissey|Blissey, F|58/100\n|turn|22\n|j| good time 2025\n|l| good time 2025\n|\n|t:|1791279942\n|move|p1a: Gallade|Drain Punch|p2a: Blissey\n|-supereffective|p2a: Blissey\n|-damage|p2a: Blissey|0 fnt\n|-heal|p1a: Gallade|100/100|[from] drain|[of] p2a: Blissey\n|faint|p2a: Blissey\n|\n|win|edgypunishment\n|raw|edgypunishment's rating: 1125 &rarr; <strong>1141</strong><br />(+16 for winning)\n|raw|Yokaisummoner's rating: 1000 &rarr; <strong>1000</strong><br />(+0 for losing)\n|l|\u2606Yokaisummoner\n|player|p2|\n", "uploadtime": 1791279950, "views": "8", "formatid": "gen8ou", "rating": 1000, "private": 0, "password": null}