{"id": "gen8ou-2694691137", "format": "[Gen 8] OU", "players": ["littlesakura666", "essqwsws"], "log": "|j|\u2606littlesakura666\n|j|\u2606essqwsws\n|t:|1791417268\n|gametype|singles\n|player|p1|littlesakura666|battlegirl-gen4|1178\n|player|p2|essqwsws|lyra|1058\n|gen|8\n|tier|[Gen 8] OU\n|rated|\n|rule|HP Percentage Mod: HP is shown in percentages\n|rule|Endless Battle Clause: Forcing endless battles is banned\n|rule|Sleep Clause Mod: Limit one foe put to sleep\n|rule|Species Clause: Limit one of each Pok\u00e9mon\n|rule|OHKO Clause: OHKO moves are banned\n|rule|Evasion Items Clause: Evasion items are banned\n|rule|Evasion Moves Clause: Evasion moves are banned\n|rule|Dynamax Clause: You cannot dynamax\n|clearpoke\n|poke|p1|Landorus-Therian, M|\n|poke|p1|Kartana|\n|poke|p1|Blacephalon|\n|poke|p1|Tapu Fini|\n|poke|p1|Volcarona, M|\n|poke|p1|Moltres-Galar|\n|poke|p2|Gengar, M|\n|poke|p2|Tapu Fini|\n|poke|p2|Ferrothorn, F|\n|poke|p2|Rotom-Heat|\n|poke|p2|Landorus-Therian, M|\n|poke|p2|Scizor, M|\n|teampreview\n|inactive|Battle timer is ON: inactive players will automatically lose when time's up. (requested by essqwsws)\n|\n|t:|1791417277\n|teamsize|p1|6\n|teamsize|p2|6\n|start\n|switch|p1a: Landorus|Landorus-Therian, M|100/100\n|switch|p2a: Gengar|Gengar, M|100/100\n|-ability|p1a: Landorus|Intimidate|boost\n|-unboost|p2a: Gengar|atk|1\n|turn|1\n|\n|t:|1791417283\n|move|p2a: Gengar|Mean Look|p1a: Landorus\n|-activate|p1a: Landorus|trapped\n|move|p1a: Landorus|Stealth Rock|p2a: Gengar\n|-sidestart|p2: essqwsws|move: Stealth Rock\n|\n|upkeep\n|turn|2\n|\n|t:|1791417287\n|move|p2a: Gengar|Encore|p1a: Landorus\n|-start|p1a: Landorus|Encore\n|move|p1a: Landorus|Stealth Rock||[still]\n|-fail|p1a: Landorus\n|\n|upkeep\n|turn|3\n|\n|t:|1791417292\n|move|p2a: Gengar|Power-Up Punch|p1a: Landorus\n|-resisted|p1a: Landorus\n|-damage|p1a: Landorus|98/100\n|-boost|p2a: Gengar|atk|1\n|move|p1a: Landorus|Stealth Rock||[still]\n|-fail|p1a: Landorus\n|\n|-heal|p1a: Landorus|100/100|[from] item: Leftovers\n|upkeep\n|turn|4\n|\n|t:|1791417301\n|move|p2a: Gengar|Power-Up Punch|p1a: Landorus\n|-resisted|p1a: Landorus\n|-damage|p1a: Landorus|96/100\n|-boost|p2a: Gengar|atk|1\n|move|p1a: Landorus|Stealth Rock||[still]\n|-fail|p1a: Landorus\n|\n|-heal|p1a: Landorus|100/100|[from] item: Leftovers\n|-end|p1a: Landorus|Encore\n|upkeep\n|turn|5\n|\n|t:|1791417310\n|move|p2a: Gengar|Encore|p1a: Landorus\n|-start|p1a: Landorus|Encore\n|move|p1a: Landorus|Stealth Rock||[still]\n|-fail|p1a: Landorus\n|\n|upkeep\n|turn|6\n|\n|t:|1791417320\n|move|p2a: Gengar|Power-Up Punch|p1a: Landorus\n|-resisted|p1a: Landorus\n|-damage|p1a: Landorus|94/100\n|-boost|p2a: Gengar|atk|1\n|move|p1a: Landorus|Stealth Rock||[still]\n|-fail|p1a: Landorus\n|\n|-heal|p1a: Landorus|99/100|[from] item: Leftovers\n|upkeep\n|turn|7\n|\n|t:|1791417328\n|move|p2a: Gengar|Power-Up Punch|p1a: Landorus\n|-resisted|p1a: Landorus\n|-damage|p1a: Landorus|92/100\n|-boost|p2a: Gengar|atk|1\n|move|p1a: Landorus|Stealth Rock||[still]\n|-fail|p1a: Landorus\n|\n|-heal|p1a: Landorus|98/100|[from] item: Leftovers\n|-end|p1a: Landorus|Encore\n|upkeep\n|turn|8\n|\n|t:|1791417338\n|move|p2a: Gengar|Encore|p1a: Landorus\n|-start|p1a: Landorus|Encore\n|move|p1a: Landorus|Stealth Rock||[still]\n|-fail|p1a: Landorus\n|\n|-heal|p1a: Landorus|100/100|[from] item: Leftovers\n|upkeep\n|turn|9\n|\n|t:|1791417344\n|move|p2a: Gengar|Power-Up Punch|p1a: Landorus\n|-resisted|p1a: Landorus\n|-damage|p1a: Landorus|91/100\n|-boost|p2a: Gengar|atk|1\n|move|p1a: Landorus|Stealth Rock||[still]\n|-fail|p1a: Landorus\n|\n|-heal|p1a: Landorus|97/100|[from] item: Leftovers\n|upkeep\n|turn|10\n|inactive|essqwsws has 120 seconds left.\n|\n|t:|1791417377\n|move|p2a: Gengar|Power-Up Punch|p1a: Landorus\n|-resisted|p1a: Landorus\n|-damage|p1a: Landorus|83/100\n|-boost|p2a: Gengar|atk|1\n|move|p1a: Landorus|Stealth Rock||[still]\n|-fail|p1a: Landorus\n|\n|-heal|p1a: Landorus|89/100|[from] item: Leftovers\n|-end|p1a: Landorus|Encore\n|upkeep\n|turn|11\n|\n|t:|1791417393\n|move|p2a: Gengar|Encore|p1a: Landorus\n|-start|p1a: Landorus|Encore\n|move|p1a: Landorus|Stealth Rock||[still]\n|-fail|p1a: Landorus\n|\n|-heal|p1a: Landorus|95/100|[from] item: Leftovers\n|upkeep\n|turn|12\n|\n|t:|1791417399\n|move|p2a: Gengar|Power-Up Punch|p1a: Landorus\n|-resisted|p1a: Landorus\n|-crit|p1a: Landorus\n|-damage|p1a: Landorus|75/100\n|-boost|p2a: Gengar|atk|1\n|move|p1a: Landorus|Stealth Rock||[still]\n|-fail|p1a: Landorus\n|\n|-heal|p1a: Landorus|81/100|[from] item: Leftovers\n|upkeep\n|turn|13\n|\n|t:|1791417407\n|move|p2a: Gengar|Poltergeist|p1a: Landorus\n|-activate|p1a: Landorus|move: Poltergeist|Leftovers\n|-damage|p1a: Landorus|0 fnt\n|faint|p1a: Landorus\n|\n|upkeep\n|\n|t:|1791417423\n|switch|p1a: Kartana|Kartana|100/100\n|turn|14\n|\n|t:|1791417427\n|move|p1a: Kartana|Knock Off|p2a: Gengar\n|-supereffective|p2a: Gengar\n|-enditem|p2a: Gengar|Focus Sash\n|-damage|p2a: Gengar|1/100\n|move|p2a: Gengar|Poltergeist|p1a: Kartana|[miss]\n|-miss|p2a: Gengar|p1a: Kartana\n|\n|upkeep\n|turn|15\n|\n|t:|1791417435\n|switch|p2a: Ferrothorn|Ferrothorn, F|100/100\n|-damage|p2a: Ferrothorn|95/100|[from] Stealth Rock\n|move|p1a: Kartana|Knock Off|p2a: Ferrothorn\n|-damage|p2a: Ferrothorn|71/100\n|-damage|p1a: Kartana|88/100|[from] ability: Iron Barbs|[of] p2a: Ferrothorn\n|-damage|p1a: Kartana|72/100|[from] item: Rocky Helmet|[of] p2a: Ferrothorn\n|-enditem|p2a: Ferrothorn|Rocky Helmet|[from] move: Knock Off|[of] p1a: Kartana\n|\n|upkeep\n|turn|16\n|\n|t:|1791417458\n|switch|p1a: Volcarona|Volcarona, M|100/100\n|switch|p2a: Rotom|Rotom-Heat|100/100\n|-damage|p2a: Rotom|76/100|[from] Stealth Rock\n|\n|upkeep\n|turn|17\n|\n|t:|1791417465\n|move|p2a: Rotom|Trick|p1a: Volcarona\n|-activate|p2a: Rotom|move: Trick|[of] p1a: Volcarona\n|-item|p1a: Volcarona|Choice Scarf|[from] move: Trick\n|-item|p2a: Rotom|Heavy-Duty Boots|[from] move: Trick\n|move|p1a: Volcarona|Quiver Dance|p1a: Volcarona\n|-boost|p1a: Volcarona|spa|1\n|-boost|p1a: Volcarona|spd|1\n|-boost|p1a: Volcarona|spe|1\n|\n|upkeep\n|turn|18\n|\n|t:|1791417474\n|switch|p1a: Blacephalon|Blacephalon|100/100\n|move|p2a: Rotom|Volt Switch|p1a: Blacephalon\n|-damage|p1a: Blacephalon|52/100\n|\n|t:|1791417480\n|switch|p2a: Gengar|Gengar, M|1/100|[from] Volt Switch\n|-damage|p2a: Gengar|0 fnt|[from] Stealth Rock\n|faint|p2a: Gengar\n|\n|upkeep\n|\n|t:|1791417487\n|switch|p2a: Landorus|Landorus-Therian, M|100/100\n|-damage|p2a: Landorus|88/100|[from] Stealth Rock\n|-ability|p2a: Landorus|Intimidate|boost\n|-unboost|p1a: Blacephalon|atk|1\n|turn|19\n|inactive|littlesakura666 has 120 seconds left.\n|\n|t:|1791417531\n|switch|p1a: Moltres|Moltres-Galar|100/100\n|move|p2a: Landorus|Stone Edge|p1a: Moltres\n|-supereffective|p1a: Moltres\n|-damage|p1a: Moltres|21/100\n|-ability|p1a: Moltres|Berserk|boost\n|-boost|p1a: Moltres|spa|1\n|\n|upkeep\n|turn|20\n|\n|t:|1791417540\n|switch|p1a: Kartana|Kartana|72/100\n|move|p2a: Landorus|Stone Edge|p1a: Kartana\n|-resisted|p1a: Kartana\n|-damage|p1a: Kartana|51/100\n|\n|upkeep\n|turn|21\n|inactive|littlesakura666 has 120 seconds left.\n|\n|t:|1791417547\n|switch|p1a: Blacephalon|Blacephalon|52/100\n|switch|p2a: Ferrothorn|Ferrothorn, F|71/100\n|-damage|p2a: Ferrothorn|65/100|[from] Stealth Rock\n|\n|upkeep\n|turn|22\n|\n|t:|1791417554\n|switch|p2a: Tapu Fini|Tapu Fini|100/100\n|-damage|p2a: Tapu Fini|88/100|[from] Stealth Rock\n|-fieldstart|move: Misty Terrain|[from] ability: Misty Surge|[of] p2a: Tapu Fini\n|move|p1a: Blacephalon|Flamethrower|p2a: Tapu Fini\n|-resisted|p2a: Tapu Fini\n|-damage|p2a: Tapu Fini|47/100\n|\n|upkeep\n|turn|23\n|\n|t:|1791417565\n|switch|p1a: Tapu Fini|Tapu Fini|100/100\n|move|p2a: Tapu Fini|Surf|p1a: Tapu Fini\n|-resisted|p1a: Tapu Fini\n|-damage|p1a: Tapu Fini|85/100\n|\n|-heal|p1a: Tapu Fini|91/100|[from] item: Leftovers\n|upkeep\n|turn|24\n|\n|t:|1791417573\n|switch|p2a: Ferrothorn|Ferrothorn, F|65/100\n|-damage|p2a: Ferrothorn|59/100|[from] Stealth Rock\n|move|p1a: Tapu Fini|Whirlpool|p2a: Ferrothorn\n|-resisted|p2a: Ferrothorn\n|-damage|p2a: Ferrothorn|54/100\n|-activate|p2a: Ferrothorn|move: Whirlpool|[of] p1a: Tapu Fini\n|\n|-heal|p1a: Tapu Fini|97/100|[from] item: Leftovers\n|-damage|p2a: Ferrothorn|42/100|[from] move: Whirlpool|[partiallytrapped]\n|upkeep\n|turn|25\n|raw|<div class=\"broadcast-red\"><b>The server is restarting soon.</b><br />Please finish your battles quickly. No new battles can be started until the server resets in a few minutes.</div>\n|inactive|staff also wants the timer to be on.\n|raw|<div class=\"broadcast-red\"><b>Moderated chat was set to +!</b><br />Only users of rank + and higher can talk.</div>\n|\n|t:|1791417586\n|move|p1a: Tapu Fini|Taunt|p2a: Ferrothorn\n|-start|p2a: Ferrothorn|move: Taunt\n|move|p2a: Ferrothorn|Gyro Ball|p1a: Tapu Fini\n|-damage|p1a: Tapu Fini|61/100\n|\n|-heal|p1a: Tapu Fini|67/100|[from] item: Leftovers\n|-damage|p2a: Ferrothorn|29/100|[from] move: Whirlpool|[partiallytrapped]\n|upkeep\n|turn|26\n|\n|t:|1791417594\n|move|p1a: Tapu Fini|Nature's Madness|p2a: Ferrothorn\n|-damage|p2a: Ferrothorn|15/100\n|move|p2a: Ferrothorn|Power Whip|p1a: Tapu Fini\n|-supereffective|p1a: Tapu Fini\n|-damage|p1a: Tapu Fini|4/100\n|\n|-heal|p1a: Tapu Fini|10/100|[from] item: Leftovers\n|-damage|p2a: Ferrothorn|3/100|[from] move: Whirlpool|[partiallytrapped]\n|-fieldend|Misty Terrain\n|upkeep\n|turn|27\n|\n|t:|1791417603\n|move|p1a: Tapu Fini|Moonblast|p2a: Ferrothorn\n|-resisted|p2a: Ferrothorn\n|-damage|p2a: Ferrothorn|0 fnt\n|faint|p2a: Ferrothorn\n|\n|-heal|p1a: Tapu Fini|16/100|[from] item: Leftovers\n|upkeep\n|\n|t:|1791417609\n|switch|p2a: Rotom|Rotom-Heat|76/100\n|turn|28\n|\n|t:|1791417630\n|move|p2a: Rotom|Volt Switch|p1a: Tapu Fini\n|-supereffective|p1a: Tapu Fini\n|-damage|p1a: Tapu Fini|0 fnt\n|faint|p1a: Tapu Fini\n|\n|t:|1791417638\n|switch|p2a: Tapu Fini|Tapu Fini|47/100|[from] Volt Switch\n|-damage|p2a: Tapu Fini|35/100|[from] Stealth Rock\n|-fieldstart|move: Misty Terrain|[from] ability: Misty Surge|[of] p2a: Tapu Fini\n|\n|upkeep\n|inactive|littlesakura666 has 120 seconds left.\n|\n|t:|1791417669\n|switch|p1a: Kartana|Kartana|51/100\n|turn|29\n|\n|t:|1791417682\n|move|p1a: Kartana|Leaf Blade|p2a: Tapu Fini\n|-supereffective|p2a: Tapu Fini\n|-damage|p2a: Tapu Fini|0 fnt\n|faint|p2a: Tapu Fini\n|-ability|p1a: Kartana|Beast Boost|boost\n|-boost|p1a: Kartana|atk|1\n|\n|upkeep\n|\n|t:|1791417688\n|switch|p2a: Scizor|Scizor, M|100/100\n|-damage|p2a: Scizor|88/100|[from] Stealth Rock\n|turn|30\n|inactive|littlesakura666 has 120 seconds left.\n|\n|t:|1791417693\n|switch|p1a: Volcarona|Volcarona, M|100/100\n|move|p2a: Scizor|Knock Off|p1a: Volcarona\n|-damage|p1a: Volcarona|28/100\n|-enditem|p1a: Volcarona|Choice Scarf|[from] move: Knock Off|[of] p2a: Scizor\n|-damage|p2a: Scizor|78/100|[from] item: Life Orb\n|\n|upkeep\n|turn|31\n|\n|t:|1791417702\n|move|p2a: Scizor|Bullet Punch|p1a: Volcarona\n|-resisted|p1a: Volcarona\n|-damage|p1a: Volcarona|0 fnt\n|faint|p1a: Volcarona\n|-damage|p2a: Scizor|68/100|[from] item: Life Orb\n|\n|upkeep\n|\n|t:|1791417704\n|switch|p1a: Blacephalon|Blacephalon|52/100\n|turn|32\n|\n|t:|1791417712\n|move|p2a: Scizor|Bullet Punch|p1a: Blacephalon\n|-resisted|p1a: Blacephalon\n|-damage|p1a: Blacephalon|0 fnt\n|faint|p1a: Blacephalon\n|-damage|p2a: Scizor|59/100|[from] item: Life Orb\n|\n|-fieldend|Misty Terrain\n|upkeep\n|\n|t:|1791417730\n|switch|p1a: Moltres|Moltres-Galar|21/100\n|turn|33\n|\n|t:|1791417735\n|switch|p1a: Kartana|Kartana|51/100\n|move|p2a: Scizor|Bullet Punch|p1a: Kartana\n|-resisted|p1a: Kartana\n|-damage|p1a: Kartana|30/100\n|-damage|p2a: Scizor|49/100|[from] item: Life Orb\n|\n|upkeep\n|turn|34\n|\n|t:|1791417744\n|switch|p1a: Moltres|Moltres-Galar|21/100\n|move|p2a: Scizor|Bullet Punch|p1a: Moltres\n|-damage|p1a: Moltres|0 fnt\n|faint|p1a: Moltres\n|-damage|p2a: Scizor|39/100|[from] item: Life Orb\n|\n|upkeep\n|\n|t:|1791417747\n|switch|p1a: Kartana|Kartana|30/100\n|turn|35\n|\n|t:|1791417755\n|move|p2a: Scizor|Bullet Punch|p1a: Kartana\n|-resisted|p1a: Kartana\n|-damage|p1a: Kartana|9/100\n|-damage|p2a: Scizor|29/100|[from] item: Life Orb\n|move|p1a: Kartana|Knock Off|p2a: Scizor\n|-damage|p2a: Scizor|0 fnt\n|-enditem|p2a: Scizor|Life Orb|[from] move: Knock Off|[of] p1a: Kartana\n|faint|p2a: Scizor\n|-ability|p1a: Kartana|Beast Boost|boost\n|-boost|p1a: Kartana|atk|1\n|\n|upkeep\n|\n|t:|1791417765\n|switch|p2a: Landorus|Landorus-Therian, M|88/100\n|-damage|p2a: Landorus|76/100|[from] Stealth Rock\n|-ability|p2a: Landorus|Intimidate|boost\n|-unboost|p1a: Kartana|atk|1\n|turn|36\n|\n|t:|1791417770\n|move|p1a: Kartana|Knock Off|p2a: Landorus\n|-damage|p2a: Landorus|26/100\n|-enditem|p2a: Landorus|Choice Scarf|[from] move: Knock Off|[of] p1a: Kartana\n|move|p2a: Landorus|Knock Off|p1a: Kartana\n|-damage|p1a: Kartana|0 fnt\n|-enditem|p1a: Kartana|Choice Scarf|[from] move: Knock Off|[of] p2a: Landorus\n|faint|p1a: Kartana\n|\n|win|essqwsws\n|raw|littlesakura666's rating: 1178 &rarr; <strong>1145</strong><br />(-33 for losing)\n|raw|essqwsws's rating: 1058 &rarr; <strong>1100</strong><br />(+42 for winning)\n|l|\u2606littlesakura666\n|player|p1|\n", "uploadtime": 1791417779, "views": "4", "formatid": "gen8ou", "rating": 1100, "private": 0, "password": null}