{"id": "gen8ou-2688505122", "format": "[Gen 8] OU", "players": ["Snorlenny", "rnd0mnme"], "log": "|j|\u2606Snorlenny\n|j|\u2606rnd0mnme\n|t:|1790479570\n|gametype|singles\n|player|p1|Snorlenny|drayden|\n|player|p2|rnd0mnme|liza-masters|\n|gen|8\n|tier|[Gen 8] OU\n|rated|Tournament battle\n|rule|HP Percentage Mod: HP is shown in percentages\n|rule|Endless Battle Clause: Forcing endless battles is banned\n|rule|Sleep Clause Mod: Limit one foe put to sleep\n|rule|Species Clause: Limit one of each Pok\u00e9mon\n|rule|OHKO Clause: OHKO moves are banned\n|rule|Evasion Items Clause: Evasion items are banned\n|rule|Evasion Moves Clause: Evasion moves are banned\n|rule|Dynamax Clause: You cannot dynamax\n|clearpoke\n|poke|p1|Barraskewda, M|\n|poke|p1|Zapdos|\n|poke|p1|Blastoise, M|\n|poke|p1|Ferrothorn, F|\n|poke|p1|Seismitoad, F|\n|poke|p1|Pelipper, M|\n|poke|p2|Landorus-Therian, M|\n|poke|p2|Ferrothorn, F|\n|poke|p2|Slowking-Galar, F|\n|poke|p2|Mandibuzz, F|\n|poke|p2|Urshifu-*, M|\n|poke|p2|Tapu Koko|\n|teampreview\n|inactive|Battle timer is ON: inactive players will automatically lose when time's up. (requested by Snorlenny)\n|inactive|rnd0mnme also wants the timer to be on.\n|c|\u2606rnd0mnme|glhf!\n|c|\u2606Snorlenny|u2\n|j| Skillfullbeing\n|j| Skittyrox\n|inactive|Snorlenny has 120 seconds left.\n|c| Skillfullbeing|dont bring your hopes down rnd0mnme\n|c|\u2606rnd0mnme|nah, im awful at mons\n|c| Skittyrox|Blastoise heat\n|\n|t:|1790479627\n|teamsize|p1|6\n|teamsize|p2|6\n|start\n|switch|p1a: Pelipper|Pelipper, M|100/100\n|switch|p2a: Tapu Koko|Tapu Koko|100/100\n|-fieldstart|move: Electric Terrain|[from] ability: Electric Surge|[of] p2a: Tapu Koko\n|-weather|RainDance|[from] ability: Drizzle|[of] p1a: Pelipper\n|turn|1\n|\n|t:|1790479632\n|switch|p1a: Ferrothorn|Ferrothorn, F|100/100\n|move|p2a: Tapu Koko|Volt Switch|p1a: Ferrothorn\n|-resisted|p1a: Ferrothorn\n|-damage|p1a: Ferrothorn|77/100\n|-enditem|p1a: Ferrothorn|Eject Button\n|\n|t:|1790479640\n|switch|p1a: Seismitoad|Seismitoad, F|100/100\n|\n|-weather|RainDance|[upkeep]\n|upkeep\n|turn|2\n|\n|t:|1790479665\n|switch|p2a: Ferrothorn|Ferrothorn, F|100/100\n|move|p1a: Seismitoad|Earth Power|p2a: Ferrothorn\n|-damage|p2a: Ferrothorn|62/100\n|-unboost|p2a: Ferrothorn|spd|1\n|-damage|p1a: Seismitoad|91/100|[from] item: Life Orb\n|\n|-weather|RainDance|[upkeep]\n|-heal|p2a: Ferrothorn|68/100|[from] item: Leftovers\n|upkeep\n|turn|3\n|\n|t:|1790479673\n|switch|p1a: Ferrothorn|Ferrothorn, F|77/100\n|switch|p2a: Mandibuzz|Mandibuzz, F|100/100\n|\n|-weather|RainDance|[upkeep]\n|upkeep\n|turn|4\n|\n|t:|1790479687\n|move|p2a: Mandibuzz|U-turn|p1a: Ferrothorn\n|-damage|p1a: Ferrothorn|71/100\n|-damage|p2a: Mandibuzz|88/100|[from] ability: Iron Barbs|[of] p1a: Ferrothorn\n|\n|t:|1790479697\n|switch|p2a: Urshifu|Urshifu-Rapid-Strike, M|100/100|[from] U-turn\n|move|p1a: Ferrothorn|Spikes|p2a: Urshifu\n|-sidestart|p2: rnd0mnme|Spikes\n|\n|-weather|RainDance|[upkeep]\n|upkeep\n|turn|5\n|\n|t:|1790479709\n|move|p2a: Urshifu|Surging Strikes|p1a: Ferrothorn\n|-resisted|p1a: Ferrothorn\n|-crit|p1a: Ferrothorn\n|-damage|p1a: Ferrothorn|57/100\n|-damage|p2a: Urshifu|88/100|[from] ability: Iron Barbs|[of] p1a: Ferrothorn\n|-resisted|p1a: Ferrothorn\n|-crit|p1a: Ferrothorn\n|-damage|p1a: Ferrothorn|45/100\n|-damage|p2a: Urshifu|76/100|[from] ability: Iron Barbs|[of] p1a: Ferrothorn\n|-resisted|p1a: Ferrothorn\n|-crit|p1a: Ferrothorn\n|-damage|p1a: Ferrothorn|32/100\n|-damage|p2a: Urshifu|64/100|[from] ability: Iron Barbs|[of] p1a: Ferrothorn\n|-hitcount|p1a: Ferrothorn|3\n|move|p1a: Ferrothorn|Body Press|p2a: Urshifu\n|-damage|p2a: Urshifu|33/100\n|\n|-weather|RainDance|[upkeep]\n|-fieldend|move: Electric Terrain\n|upkeep\n|turn|6\n|j| lifetouches\n|\n|t:|1790479719\n|move|p2a: Urshifu|Surging Strikes|p1a: Ferrothorn\n|-resisted|p1a: Ferrothorn\n|-crit|p1a: Ferrothorn\n|-damage|p1a: Ferrothorn|20/100\n|-damage|p2a: Urshifu|21/100|[from] ability: Iron Barbs|[of] p1a: Ferrothorn\n|-resisted|p1a: Ferrothorn\n|-crit|p1a: Ferrothorn\n|-damage|p1a: Ferrothorn|6/100\n|-damage|p2a: Urshifu|8/100|[from] ability: Iron Barbs|[of] p1a: Ferrothorn\n|-resisted|p1a: Ferrothorn\n|-crit|p1a: Ferrothorn\n|-damage|p1a: Ferrothorn|0 fnt\n|-damage|p2a: Urshifu|0 fnt|[from] ability: Iron Barbs|[of] p1a: Ferrothorn\n|faint|p1a: Ferrothorn\n|faint|p2a: Urshifu\n|-hitcount|p1: Ferrothorn|3\n|\n|-weather|RainDance|[upkeep]\n|upkeep\n|c|\u2606rnd0mnme|i did not know you could use commands to select options\n|inactive|rnd0mnme has 120 seconds left.\n|\n|t:|1790479751\n|switch|p2a: Mandibuzz|Mandibuzz, F|88/100\n|switch|p1a: Zapdos|Zapdos|100/100\n|turn|7\n|\n|t:|1790479763\n|move|p1a: Zapdos|Hurricane|p2a: Mandibuzz\n|-damage|p2a: Mandibuzz|51/100\n|move|p2a: Mandibuzz|U-turn|p1a: Zapdos\n|-resisted|p1a: Zapdos\n|-damage|p1a: Zapdos|93/100\n|\n|t:|1790479766\n|switch|p2a: Slowking|Slowking-Galar, F|100/100|[from] U-turn\n|-damage|p2a: Slowking|88/100|[from] Spikes\n|\n|-weather|RainDance|[upkeep]\n|upkeep\n|turn|8\n|\n|t:|1790479770\n|move|p1a: Zapdos|Thunder|p2a: Slowking\n|-damage|p2a: Slowking|60/100\n|move|p2a: Slowking|Future Sight|p1a: Zapdos\n|-start|p2a: Slowking|move: Future Sight\n|\n|-weather|none\n|upkeep\n|turn|9\n|inactive|Snorlenny has 120 seconds left.\n|\n|t:|1790479809\n|move|p1a: Zapdos|Hurricane|p2a: Slowking|[miss]\n|-miss|p1a: Zapdos|p2a: Slowking\n|move|p2a: Slowking|Sludge Bomb|p1a: Zapdos\n|-damage|p1a: Zapdos|42/100\n|-status|p1a: Zapdos|psn\n|\n|-damage|p1a: Zapdos|29/100 psn|[from] psn\n|upkeep\n|turn|10\n|inactive|Snorlenny has 120 seconds left.\n|c|\u2606rnd0mnme|mb\n|inactive|rnd0mnme has 120 seconds left.\n|\n|t:|1790479850\n|switch|p2a: Tapu Koko|Tapu Koko|100/100\n|-damage|p2a: Tapu Koko|88/100|[from] Spikes\n|-fieldstart|move: Electric Terrain|[from] ability: Electric Surge|[of] p2a: Tapu Koko\n|move|p1a: Zapdos|Rain Dance|p1a: Zapdos\n|-weather|RainDance\n|\n|-weather|RainDance|[upkeep]\n|-end|p1a: Zapdos|move: Future Sight\n|-damage|p1a: Zapdos|0 fnt\n|faint|p1a: Zapdos\n|upkeep\n|inactive|Snorlenny has 90 seconds left.\n|\n|t:|1790479884\n|switch|p1a: Barraskewda|Barraskewda, M|100/100\n|turn|11\n|inactive|rnd0mnme has 120 seconds left.\n|\n|t:|1790479897\n|switch|p2a: Mandibuzz|Mandibuzz, F|51/100\n|move|p1a: Barraskewda|Flip Turn|p2a: Mandibuzz\n|-damage|p2a: Mandibuzz|3/100\n|\n|t:|1790479901\n|switch|p1a: Seismitoad|Seismitoad, F|91/100|[from] Flip Turn\n|\n|-weather|RainDance|[upkeep]\n|upkeep\n|turn|12\n|\n|t:|1790479906\n|switch|p2a: Slowking|Slowking-Galar, F|94/100\n|-damage|p2a: Slowking|81/100|[from] Spikes\n|move|p1a: Seismitoad|Weather Ball|p2a: Slowking\n|-damage|p2a: Slowking|34/100\n|-damage|p1a: Seismitoad|81/100|[from] item: Life Orb\n|\n|-weather|RainDance|[upkeep]\n|upkeep\n|turn|13\n|\n|t:|1790479921\n|move|p1a: Seismitoad|Weather Ball|p2a: Slowking\n|-damage|p2a: Slowking|0 fnt\n|faint|p2a: Slowking\n|-damage|p1a: Seismitoad|71/100|[from] item: Life Orb\n|\n|-weather|RainDance|[upkeep]\n|upkeep\n|\n|t:|1790479925\n|switch|p2a: Ferrothorn|Ferrothorn, F|68/100\n|-damage|p2a: Ferrothorn|56/100|[from] Spikes\n|turn|14\n|inactive|Snorlenny has 120 seconds left.\n|\n|t:|1790479956\n|switch|p1a: Blastoise|Blastoise, M|100/100\n|move|p2a: Ferrothorn|Leech Seed|p1a: Blastoise\n|-start|p1a: Blastoise|move: Leech Seed\n|\n|-weather|none\n|-heal|p2a: Ferrothorn|62/100|[from] item: Leftovers\n|-damage|p1a: Blastoise|88/100|[from] Leech Seed|[of] p2a: Ferrothorn\n|-heal|p2a: Ferrothorn|73/100|[silent]\n|-fieldend|move: Electric Terrain\n|upkeep\n|turn|15\n|\n|t:|1790479964\n|move|p1a: Blastoise|Shell Smash|p1a: Blastoise\n|-unboost|p1a: Blastoise|def|1\n|-unboost|p1a: Blastoise|spd|1\n|-boost|p1a: Blastoise|atk|2\n|-boost|p1a: Blastoise|spa|2\n|-boost|p1a: Blastoise|spe|2\n|move|p2a: Ferrothorn|Knock Off|p1a: Blastoise\n|-damage|p1a: Blastoise|56/100\n|-enditem|p1a: Blastoise|Life Orb|[from] move: Knock Off|[of] p2a: Ferrothorn\n|\n|-heal|p2a: Ferrothorn|79/100|[from] item: Leftovers\n|-damage|p1a: Blastoise|43/100|[from] Leech Seed|[of] p2a: Ferrothorn\n|-heal|p2a: Ferrothorn|90/100|[silent]\n|upkeep\n|turn|16\n|c|\u2606Snorlenny|I didnt wanna sack the featured shitmon\n|c|\u2606Snorlenny|but I dont have a choice\n|inactive|Snorlenny has 120 seconds left.\n|\n|t:|1790479974\n|move|p1a: Blastoise|Surf|p2a: Ferrothorn\n|-resisted|p2a: Ferrothorn\n|-damage|p2a: Ferrothorn|59/100\n|move|p2a: Ferrothorn|Gyro Ball|p1a: Blastoise\n|-resisted|p1a: Blastoise\n|-damage|p1a: Blastoise|6/100\n|\n|-heal|p2a: Ferrothorn|66/100|[from] item: Leftovers\n|-damage|p1a: Blastoise|0 fnt|[from] Leech Seed|[of] p2a: Ferrothorn\n|-heal|p2a: Ferrothorn|70/100|[silent]\n|faint|p1a: Blastoise\n|upkeep\n|\n|t:|1790479979\n|switch|p1a: Barraskewda|Barraskewda, M|100/100\n|turn|17\n|\n|t:|1790479984\n|switch|p2a: Mandibuzz|Mandibuzz, F|3/100\n|move|p1a: Barraskewda|Flip Turn|p2a: Mandibuzz\n|-damage|p2a: Mandibuzz|0 fnt\n|faint|p2a: Mandibuzz\n|\n|t:|1790479992\n|switch|p1a: Pelipper|Pelipper, M|100/100|[from] Flip Turn\n|-weather|RainDance|[from] ability: Drizzle|[of] p1a: Pelipper\n|\n|-weather|RainDance|[upkeep]\n|upkeep\n|\n|t:|1790479995\n|switch|p2a: Tapu Koko|Tapu Koko|88/100\n|-damage|p2a: Tapu Koko|76/100|[from] Spikes\n|-fieldstart|move: Electric Terrain|[from] ability: Electric Surge|[of] p2a: Tapu Koko\n|turn|18\n|\n|t:|1790479999\n|move|p2a: Tapu Koko|Grass Knot|p1a: Pelipper\n|-damage|p1a: Pelipper|65/100\n|move|p1a: Pelipper|U-turn|p2a: Tapu Koko\n|-resisted|p2a: Tapu Koko\n|-damage|p2a: Tapu Koko|70/100\n|c|\u2606Snorlenny|ooh\n|c|\u2606Snorlenny|nice try\n|c|\u2606Snorlenny|I thought you'd gleam\n|\n|t:|1790480026\n|switch|p1a: Barraskewda|Barraskewda, M|100/100|[from] U-turn\n|\n|-weather|RainDance|[upkeep]\n|upkeep\n|turn|19\n|c|\u2606rnd0mnme|i was scared of seis\n|c|\u2606Snorlenny|yeah, I just didnt really put two and two together there\n|c|\u2606rnd0mnme|man, i despise rain\n|\n|t:|1790480045\n|switch|p2a: Landorus|Landorus-Therian, M|100/100\n|-ability|p2a: Landorus|Intimidate|boost\n|-unboost|p1a: Barraskewda|atk|1\n|move|p1a: Barraskewda|Liquidation|p2a: Landorus\n|-supereffective|p2a: Landorus\n|-damage|p2a: Landorus|0 fnt\n|faint|p2a: Landorus\n|\n|-weather|RainDance|[upkeep]\n|upkeep\n|\n|t:|1790480051\n|switch|p2a: Ferrothorn|Ferrothorn, F|70/100\n|-damage|p2a: Ferrothorn|58/100|[from] Spikes\n|turn|20\n|\n|t:|1790480057\n|switch|p1a: Pelipper|Pelipper, M|65/100\n|move|p2a: Ferrothorn|Leech Seed|p1a: Pelipper\n|-start|p1a: Pelipper|move: Leech Seed\n|\n|-weather|RainDance|[upkeep]\n|-heal|p2a: Ferrothorn|64/100|[from] item: Leftovers\n|-damage|p1a: Pelipper|53/100|[from] Leech Seed|[of] p2a: Ferrothorn\n|-heal|p2a: Ferrothorn|75/100|[silent]\n|upkeep\n|turn|21\n|\n|t:|1790480064\n|move|p1a: Pelipper|U-turn|p2a: Ferrothorn\n|-damage|p2a: Ferrothorn|70/100\n|-damage|p1a: Pelipper|40/100|[from] ability: Iron Barbs|[of] p2a: Ferrothorn\n|\n|t:|1790480067\n|switch|p1a: Barraskewda|Barraskewda, M|100/100|[from] U-turn\n|move|p2a: Ferrothorn|Knock Off|p1a: Barraskewda\n|-damage|p1a: Barraskewda|65/100\n|-enditem|p1a: Barraskewda|Choice Band|[from] move: Knock Off|[of] p2a: Ferrothorn\n|\n|-weather|RainDance|[upkeep]\n|-heal|p2a: Ferrothorn|76/100|[from] item: Leftovers\n|upkeep\n|turn|22\n|\n|t:|1790480071\n|move|p1a: Barraskewda|Close Combat|p2a: Ferrothorn\n|-supereffective|p2a: Ferrothorn\n|-damage|p2a: Ferrothorn|24/100\n|-unboost|p1a: Barraskewda|def|1\n|-unboost|p1a: Barraskewda|spd|1\n|-damage|p1a: Barraskewda|53/100|[from] ability: Iron Barbs|[of] p2a: Ferrothorn\n|move|p2a: Ferrothorn|Gyro Ball|p1a: Barraskewda\n|-resisted|p1a: Barraskewda\n|-damage|p1a: Barraskewda|0 fnt\n|faint|p1a: Barraskewda\n|\n|-weather|RainDance|[upkeep]\n|-heal|p2a: Ferrothorn|30/100|[from] item: Leftovers\n|-fieldend|move: Electric Terrain\n|upkeep\n|\n|t:|1790480090\n|switch|p1a: Pelipper|Pelipper, M|40/100\n|turn|23\n|\n|t:|1790480094\n|move|p1a: Pelipper|Roost|p1a: Pelipper\n|-heal|p1a: Pelipper|91/100\n|-singleturn|p1a: Pelipper|move: Roost\n|move|p2a: Ferrothorn|Leech Seed|p1a: Pelipper\n|-start|p1a: Pelipper|move: Leech Seed\n|\n|-weather|RainDance|[upkeep]\n|-heal|p2a: Ferrothorn|36/100|[from] item: Leftovers\n|-damage|p1a: Pelipper|78/100|[from] Leech Seed|[of] p2a: Ferrothorn\n|-heal|p2a: Ferrothorn|47/100|[silent]\n|upkeep\n|turn|24\n|\n|t:|1790480098\n|move|p1a: Pelipper|U-turn|p2a: Ferrothorn\n|-damage|p2a: Ferrothorn|43/100\n|-damage|p1a: Pelipper|66/100|[from] ability: Iron Barbs|[of] p2a: Ferrothorn\n|\n|t:|1790480100\n|switch|p1a: Seismitoad|Seismitoad, F|71/100|[from] U-turn\n|move|p2a: Ferrothorn|Knock Off|p1a: Seismitoad\n|-damage|p1a: Seismitoad|44/100\n|-enditem|p1a: Seismitoad|Life Orb|[from] move: Knock Off|[of] p2a: Ferrothorn\n|\n|-weather|none\n|-heal|p2a: Ferrothorn|49/100|[from] item: Leftovers\n|upkeep\n|turn|25\n|\n|t:|1790480109\n|move|p1a: Seismitoad|Earth Power|p2a: Ferrothorn\n|-damage|p2a: Ferrothorn|16/100\n|move|p2a: Ferrothorn|Leech Seed|p1a: Seismitoad\n|-start|p1a: Seismitoad|move: Leech Seed\n|\n|-heal|p2a: Ferrothorn|22/100|[from] item: Leftovers\n|-damage|p1a: Seismitoad|31/100|[from] Leech Seed|[of] p2a: Ferrothorn\n|-heal|p2a: Ferrothorn|35/100|[silent]\n|upkeep\n|turn|26\n|\n|t:|1790480118\n|switch|p1a: Pelipper|Pelipper, M|66/100\n|-weather|RainDance|[from] ability: Drizzle|[of] p1a: Pelipper\n|move|p2a: Ferrothorn|Gyro Ball|p1a: Pelipper\n|-resisted|p1a: Pelipper\n|-damage|p1a: Pelipper|52/100\n|\n|-weather|RainDance|[upkeep]\n|-heal|p2a: Ferrothorn|41/100|[from] item: Leftovers\n|upkeep\n|turn|27\n|j| Elian\n|\n|t:|1790480127\n|move|p1a: Pelipper|Hurricane|p2a: Ferrothorn\n|-damage|p2a: Ferrothorn|10/100\n|move|p2a: Ferrothorn|Leech Seed|p1a: Pelipper\n|-start|p1a: Pelipper|move: Leech Seed\n|\n|-weather|RainDance|[upkeep]\n|-heal|p2a: Ferrothorn|16/100|[from] item: Leftovers\n|-damage|p1a: Pelipper|40/100|[from] Leech Seed|[of] p2a: Ferrothorn\n|-heal|p2a: Ferrothorn|27/100|[silent]\n|upkeep\n|turn|28\n|\n|t:|1790480140\n|switch|p2a: Tapu Koko|Tapu Koko|70/100\n|-damage|p2a: Tapu Koko|57/100|[from] Spikes\n|-fieldstart|move: Electric Terrain|[from] ability: Electric Surge|[of] p2a: Tapu Koko\n|move|p1a: Pelipper|Hurricane|p2a: Tapu Koko\n|-resisted|p2a: Tapu Koko\n|-damage|p2a: Tapu Koko|31/100\n|-start|p2a: Tapu Koko|confusion\n|\n|-weather|RainDance|[upkeep]\n|-damage|p1a: Pelipper|27/100|[from] Leech Seed|[of] p2a: Tapu Koko\n|-heal|p2a: Tapu Koko|45/100|[silent]\n|upkeep\n|turn|29\n|\n|t:|1790480147\n|-activate|p2a: Tapu Koko|confusion\n|-damage|p2a: Tapu Koko|35/100|[from] confusion\n|move|p1a: Pelipper|U-turn|p2a: Tapu Koko\n|-resisted|p2a: Tapu Koko\n|-damage|p2a: Tapu Koko|29/100\n|\n|t:|1790480149\n|switch|p1a: Seismitoad|Seismitoad, F|31/100|[from] U-turn\n|\n|-weather|RainDance|[upkeep]\n|upkeep\n|turn|30\n|c|\u2606Snorlenny|I almost made the play but you made the right one\n|j| White Atoq\n|\n|t:|1790480161\n|move|p1a: Seismitoad|Earth Power|p2a: Tapu Koko\n|-supereffective|p2a: Tapu Koko\n|-damage|p2a: Tapu Koko|0 fnt\n|faint|p2a: Tapu Koko\n|\n|-weather|RainDance|[upkeep]\n|upkeep\n|\n|t:|1790480162\n|switch|p2a: Ferrothorn|Ferrothorn, F|27/100\n|-damage|p2a: Ferrothorn|15/100|[from] Spikes\n|turn|31\n|c|\u2606Snorlenny|I got bailed by confusion\n|l| White Atoq\n|c|\u2606rnd0mnme|ggs\n|c|\u2606Snorlenny|blastoise moment\n|c|\u2606Snorlenny|gg\n|\n|t:|1790480174\n|move|p1a: Seismitoad|Earth Power|p2a: Ferrothorn\n|-damage|p2a: Ferrothorn|0 fnt\n|faint|p2a: Ferrothorn\n|\n|win|Snorlenny\n|n|\u2606Snorlenny|snorlenny\n|n|\u2606rnd0mnme|rnd0mnme\n|n| Skillfullbeing|skillfullbeing\n|n| Skittyrox|skittyrox\n|n| lifetouches|lifetouches\n|n| Elian|elian\n|c| Skillfullbeing|that was a good game indeed\n|c| lifetouches|you still won though?\n|l|\u2606Snorlenny\n|player|p1|\n|l| Skillfullbeing\n|c| lifetouches|even if confuse didnt happen\n|l| lifetouches\n", "uploadtime": 1790480251, "views": "24", "formatid": "gen8ou", "rating": null, "private": 0, "password": null}