{"id": "gen8ou-2688487164", "format": "[Gen 8] OU", "players": ["Egggks", "adman77"], "log": "|j|\u2606Egggks@!\n|j|\u2606adman77\n|inactive|Battle timer is ON: inactive players will automatically lose when time's up.\n|t:|1790476413\n|gametype|singles\n|player|p1|Egggks|169|\n|player|p2|adman77|102|\n|gen|8\n|tier|[Gen 8] OU\n|rated|Tournament battle\n|rule|HP Percentage Mod: HP is shown in percentages\n|rule|Endless Battle Clause: Forcing endless battles is banned\n|rule|Sleep Clause Mod: Limit one foe put to sleep\n|rule|Species Clause: Limit one of each Pok\u00e9mon\n|rule|OHKO Clause: OHKO moves are banned\n|rule|Evasion Items Clause: Evasion items are banned\n|rule|Evasion Moves Clause: Evasion moves are banned\n|rule|Dynamax Clause: You cannot dynamax\n|raw|<div class=\"infobox\"><details class=\"readmore\"><summary><strong>15 custom rules:</strong></summary> -burmy, -caterpie, -combee, -kricketot, -magikarp, -scatterbug, -sunkern, -tynamo, -typenull, -weedle, -wurmple, -cosmog, -blipbug, -snom, -wynaut</details></div>\n|clearpoke\n|poke|p1|Porygon2|\n|poke|p1|Dubwool, M|\n|poke|p1|Farfetch\u2019d, M|\n|poke|p1|Togekiss, F|\n|poke|p2|Rillaboom, F|\n|poke|p2|Avalugg, F|\n|poke|p2|Carracosta, M|\n|poke|p2|Magnezone|\n|teampreview\n|j|*Lady Monita \n|\n|t:|1790476437\n|teamsize|p1|4\n|teamsize|p2|4\n|start\n|switch|p1a: Farfetch\u2019d|Farfetch\u2019d, M|100/100\n|switch|p2a: Avalugg|Avalugg, F|100/100\n|turn|1\n|j| codemanis1\n|\n|t:|1790476453\n|switch|p1a: Dubwool|Dubwool, M|100/100\n|move|p2a: Avalugg|Avalanche|p1a: Dubwool\n|-damage|p1a: Dubwool|79/100\n|\n|upkeep\n|turn|2\n|\n|t:|1790476460\n|move|p1a: Dubwool|Cotton Guard|p1a: Dubwool\n|-boost|p1a: Dubwool|def|3\n|move|p2a: Avalugg|Avalanche|p1a: Dubwool\n|-damage|p1a: Dubwool|70/100\n|\n|upkeep\n|turn|3\n|\n|t:|1790476465\n|switch|p2a: Magnezone|Magnezone|100/100\n|-item|p2a: Magnezone|Air Balloon\n|move|p1a: Dubwool|Cotton Guard|p1a: Dubwool\n|-boost|p1a: Dubwool|def|3\n|\n|upkeep\n|turn|4\n|\n|t:|1790476470\n|move|p1a: Dubwool|Body Press|p2a: Magnezone\n|-supereffective|p2a: Magnezone\n|-ability|p2a: Magnezone|Sturdy\n|-damage|p2a: Magnezone|1/100\n|-enditem|p2a: Magnezone|Air Balloon\n|move|p2a: Magnezone|Steel Beam|p1a: Dubwool\n|-damage|p1a: Dubwool|11/100\n|-damage|p2a: Magnezone|0 fnt|[from] steelbeam\n|faint|p2a: Magnezone\n|\n|upkeep\n|l| codemanis1\n|\n|t:|1790476480\n|switch|p2a: Rillaboom|Rillaboom, F, shiny|100/100\n|-fieldstart|move: Grassy Terrain|[from] ability: Grassy Surge|[of] p2a: Rillaboom\n|turn|5\n|\n|t:|1790476487\n|move|p2a: Rillaboom|Grassy Glide|p1a: Dubwool\n|-damage|p1a: Dubwool|5/100\n|move|p1a: Dubwool|Rest|p1a: Dubwool\n|-status|p1a: Dubwool|slp|[from] move: Rest\n|-heal|p1a: Dubwool|100/100 slp|[silent]\n|\n|upkeep\n|turn|6\n|j| felix_faust242\n|c|\u2606adman77|welp\n|\n|t:|1790476496\n|move|p2a: Rillaboom|Swords Dance|p2a: Rillaboom\n|-boost|p2a: Rillaboom|atk|2\n|cant|p1a: Dubwool|slp\n|move|p1a: Dubwool|Sleep Talk|p1a: Dubwool\n|move|p1a: Dubwool|Body Press|p2a: Rillaboom|[from] move: Sleep Talk\n|-damage|p2a: Rillaboom|18/100\n|\n|-heal|p2a: Rillaboom|24/100|[from] Grassy Terrain\n|-heal|p2a: Rillaboom|31/100|[from] item: Leftovers\n|upkeep\n|turn|7\n|\n|t:|1790476507\n|move|p2a: Rillaboom|Swords Dance|p2a: Rillaboom\n|-boost|p2a: Rillaboom|atk|2\n|cant|p1a: Dubwool|slp\n|move|p1a: Dubwool|Sleep Talk|p1a: Dubwool\n|move|p1a: Dubwool|Cotton Guard|p1a: Dubwool|[from] move: Sleep Talk\n|-boost|p1a: Dubwool|def|0\n|\n|-heal|p2a: Rillaboom|37/100|[from] Grassy Terrain\n|-heal|p2a: Rillaboom|43/100|[from] item: Leftovers\n|upkeep\n|turn|8\n|\n|t:|1790476514\n|move|p2a: Rillaboom|Drain Punch|p1a: Dubwool\n|-supereffective|p1a: Dubwool\n|-damage|p1a: Dubwool|81/100 slp\n|-heal|p2a: Rillaboom|53/100|[from] drain|[of] p1a: Dubwool\n|-curestatus|p1a: Dubwool|slp|[msg]\n|move|p1a: Dubwool|Body Press|p2a: Rillaboom\n|-damage|p2a: Rillaboom|0 fnt\n|faint|p2a: Rillaboom\n|\n|-heal|p1a: Dubwool|87/100|[from] Grassy Terrain\n|upkeep\n|c|\u2606adman77|thatll do it\n|c|\u2606adman77|gg\n|-message|adman77 forfeited.\n|\n|win|Egggks\n|n|\u2606Egggks@!|egggks\n|n|\u2606adman77|adman77\n|n|*Lady Monita |ladymonita\n|n| felix_faust242|felixfaust242\n", "uploadtime": 1790476534, "views": "13", "formatid": "gen8ou", "rating": null, "private": 0, "password": null}