{"id": "gen8ou-2688814347", "format": "[Gen 8] OU", "players": ["428y", "witzigeid"], "log": "|j|\u2606428y\n|j|\u2606witzigeid\n|t:|1790537377\n|gametype|singles\n|player|p1|428y|medium|\n|player|p2|witzigeid|striker|\n|gen|8\n|tier|[Gen 8] OU\n|rule|HP Percentage Mod: HP is shown in percentages\n|rule|Endless Battle Clause: Forcing endless battles is banned\n|rule|Sleep Clause Mod: Limit one foe put to sleep\n|rule|Species Clause: Limit one of each Pok\u00e9mon\n|rule|OHKO Clause: OHKO moves are banned\n|rule|Evasion Items Clause: Evasion items are banned\n|rule|Evasion Moves Clause: Evasion moves are banned\n|rule|Dynamax Clause: You cannot dynamax\n|clearpoke\n|poke|p1|Talonflame, F|\n|poke|p1|Urshifu-*, F|\n|poke|p1|Dragonite, F|\n|poke|p1|Bisharp, F|\n|poke|p1|Hawlucha, F|\n|poke|p1|Azumarill, F|\n|poke|p2|Venusaur, F|\n|poke|p2|Dragapult, F|\n|poke|p2|Necrozma|\n|poke|p2|Ditto|\n|poke|p2|Amoonguss, M|\n|poke|p2|Stunfisk, M|\n|teampreview\n|\n|t:|1790537388\n|teamsize|p1|6\n|teamsize|p2|6\n|start\n|switch|p1a: Reiszwecke|Bisharp, F, shiny|100/100\n|switch|p2a: Negrozma|Necrozma|100/100\n|-ability|p1a: Reiszwecke|Pressure\n|turn|1\n|j| Togekaiser\n|\n|t:|1790537405\n|move|p2a: Negrozma|Stealth Rock|p1a: Reiszwecke\n|-sidestart|p1: 428y|move: Stealth Rock\n|move|p1a: Reiszwecke|Taunt|p2a: Negrozma\n|-start|p2a: Negrozma|move: Taunt\n|\n|upkeep\n|turn|2\n|c|\u2606witzigeid|X\n|\n|t:|1790537434\n|move|p2a: Negrozma|Heat Wave|p1a: Reiszwecke\n|-supereffective|p1a: Reiszwecke\n|-damage|p1a: Reiszwecke|45/100\n|move|p1a: Reiszwecke|Stealth Rock|p2a: Negrozma\n|-sidestart|p2: witzigeid|move: Stealth Rock\n|\n|-heal|p1a: Reiszwecke|51/100|[from] item: Leftovers\n|upkeep\n|turn|3\n|\n|t:|1790537465\n|move|p1a: Reiszwecke|Sucker Punch|p2a: Negrozma\n|-supereffective|p2a: Negrozma\n|-damage|p2a: Negrozma|71/100\n|move|p2a: Negrozma|Heat Wave|p1a: Reiszwecke\n|-supereffective|p1a: Reiszwecke\n|-damage|p1a: Reiszwecke|0 fnt\n|faint|p1a: Reiszwecke\n|\n|-heal|p2a: Negrozma|77/100|[from] item: Leftovers\n|upkeep\n|\n|t:|1790537483\n|switch|p1a: Dih nite|Dragonite, F|100/100\n|turn|4\n|\n|t:|1790537499\n|move|p1a: Dih nite|Thunder Wave|p2a: Negrozma\n|-status|p2a: Negrozma|par\n|move|p2a: Negrozma|Photon Geyser|p1a: Dih nite\n|-damage|p1a: Dih nite|58/100\n|\n|-heal|p2a: Negrozma|83/100 par|[from] item: Leftovers\n|-end|p2a: Negrozma|move: Taunt\n|upkeep\n|turn|5\n|\n|t:|1790537529\n|move|p1a: Dih nite|Hurricane|p2a: Negrozma|[miss]\n|-miss|p1a: Dih nite|p2a: Negrozma\n|move|p2a: Negrozma|Photon Geyser|p1a: Dih nite\n|-damage|p1a: Dih nite|12/100\n|\n|-heal|p2a: Negrozma|89/100 par|[from] item: Leftovers\n|upkeep\n|turn|6\n|\n|t:|1790537543\n|move|p1a: Dih nite|Hurricane|p2a: Negrozma|[miss]\n|-miss|p1a: Dih nite|p2a: Negrozma\n|cant|p2a: Negrozma|par\n|\n|-heal|p2a: Negrozma|95/100 par|[from] item: Leftovers\n|upkeep\n|turn|7\n|\n|t:|1790537549\n|move|p1a: Dih nite|Hurricane|p2a: Negrozma\n|-damage|p2a: Negrozma|44/100 par\n|cant|p2a: Negrozma|par\n|\n|-heal|p2a: Negrozma|50/100 par|[from] item: Leftovers\n|upkeep\n|turn|8\n|\n|t:|1790537556\n|move|p1a: Dih nite|Draco Meteor|p2a: Negrozma\n|-damage|p2a: Negrozma|0 fnt\n|-unboost|p1a: Dih nite|spa|2\n|faint|p2a: Negrozma\n|\n|upkeep\n|\n|t:|1790537575\n|switch|p2a: Pimmel|Ditto|100/100\n|-damage|p2a: Pimmel|88/100|[from] Stealth Rock\n|-transform|p2a: Pimmel|p1a: Dih nite|[from] ability: Imposter\n|turn|9\n|\n|t:|1790537590\n|move|p2a: Pimmel|Draco Meteor|p1a: Dih nite\n|-supereffective|p1a: Dih nite\n|-damage|p1a: Dih nite|0 fnt\n|-unboost|p2a: Pimmel|spa|2\n|faint|p1a: Dih nite\n|\n|upkeep\n|\n|t:|1790537601\n|switch|p1a: Kinderverarsche|Azumarill, F, shiny|100/100\n|-damage|p1a: Kinderverarsche|88/100|[from] Stealth Rock\n|turn|10\n|\n|t:|1790537605\n|move|p2a: Pimmel|Draco Meteor|p1a: Kinderverarsche\n|-immune|p1a: Kinderverarsche\n|move|p1a: Kinderverarsche|Belly Drum|p1a: Kinderverarsche\n|-damage|p1a: Kinderverarsche|38/100\n|-setboost|p1a: Kinderverarsche|atk|6|[from] move: Belly Drum\n|-enditem|p1a: Kinderverarsche|Sitrus Berry|[eat]\n|-heal|p1a: Kinderverarsche|63/100|[from] item: Sitrus Berry\n|\n|upkeep\n|turn|11\n|\n|t:|1790537627\n|switch|p2a: Fettsau|Venusaur, F|100/100\n|-damage|p2a: Fettsau|88/100|[from] Stealth Rock\n|move|p1a: Kinderverarsche|Knock Off|p2a: Fettsau\n|-damage|p2a: Fettsau|0 fnt\n|-enditem|p2a: Fettsau|Black Sludge|[from] move: Knock Off|[of] p1a: Kinderverarsche\n|faint|p2a: Fettsau\n|\n|upkeep\n|\n|t:|1790537637\n|switch|p2a: Pimmel|Ditto|88/100\n|-damage|p2a: Pimmel|76/100|[from] Stealth Rock\n|-transform|p2a: Pimmel|p1a: Kinderverarsche|[from] ability: Imposter\n|turn|12\n|\n|t:|1790537666\n|move|p2a: Pimmel|Play Rough|p1a: Kinderverarsche\n|-damage|p1a: Kinderverarsche|0 fnt\n|faint|p1a: Kinderverarsche\n|\n|upkeep\n|\n|t:|1790537673\n|switch|p1a: Talahon Flamme|Talonflame, F, shiny|100/100\n|-damage|p1a: Talahon Flamme|51/100|[from] Stealth Rock\n|turn|13\n|\n|t:|1790537678\n|move|p1a: Talahon Flamme|Tailwind|p1a: Talahon Flamme\n|-sidestart|p1: 428y|move: Tailwind\n|move|p2a: Pimmel|Play Rough|p1a: Talahon Flamme\n|-resisted|p1a: Talahon Flamme\n|-damage|p1a: Talahon Flamme|0 fnt\n|faint|p1a: Talahon Flamme\n|\n|upkeep\n|\n|t:|1790537687\n|switch|p1a: Paddington|Urshifu-Rapid-Strike, F|100/100\n|-damage|p1a: Paddington|94/100|[from] Stealth Rock\n|turn|14\n|\n|t:|1790537691\n|move|p1a: Paddington|Close Combat|p2a: Pimmel\n|-resisted|p2a: Pimmel\n|-damage|p2a: Pimmel|0 fnt\n|-unboost|p1a: Paddington|def|1\n|-unboost|p1a: Paddington|spd|1\n|faint|p2a: Pimmel\n|\n|upkeep\n|\n|t:|1790537710\n|switch|p2a: Sus|Amoonguss, M|100/100\n|-damage|p2a: Sus|88/100|[from] Stealth Rock\n|turn|15\n|\n|t:|1790537719\n|move|p1a: Paddington|Close Combat|p2a: Sus\n|-resisted|p2a: Sus\n|-damage|p2a: Sus|35/100\n|-unboost|p1a: Paddington|def|1\n|-unboost|p1a: Paddington|spd|1\n|-damage|p1a: Paddington|78/100|[from] item: Rocky Helmet|[of] p2a: Sus\n|move|p2a: Sus|Spore|p1a: Paddington\n|-status|p1a: Paddington|slp|[from] move: Spore\n|\n|upkeep\n|turn|16\n|\n|t:|1790537731\n|switch|p1a: El Primo|Hawlucha, F, shiny|100/100\n|-damage|p1a: El Primo|88/100|[from] Stealth Rock\n|move|p2a: Sus|Giga Drain|p1a: El Primo\n|-resisted|p1a: El Primo\n|-damage|p1a: El Primo|61/100\n|-heal|p2a: Sus|44/100|[from] drain|[of] p1a: El Primo\n|\n|-sideend|p1: 428y|move: Tailwind\n|upkeep\n|turn|17\n|\n|t:|1790537748\n|move|p1a: El Primo|Swords Dance|p1a: El Primo\n|-boost|p1a: El Primo|atk|2\n|move|p2a: Sus|Sludge Bomb|p1a: El Primo\n|-damage|p1a: El Primo|0 fnt\n|faint|p1a: El Primo\n|\n|upkeep\n|\n|t:|1790537749\n|switch|p1a: Paddington|Urshifu-Rapid-Strike, F|78/100 slp\n|-damage|p1a: Paddington|72/100 slp|[from] Stealth Rock\n|turn|18\n|\n|t:|1790537757\n|cant|p1a: Paddington|slp\n|move|p2a: Sus|Giga Drain|p1a: Paddington\n|-supereffective|p1a: Paddington\n|-damage|p1a: Paddington|0 fnt\n|-heal|p2a: Sus|73/100|[from] drain|[of] p1a: Paddington\n|faint|p1a: Paddington\n|\n|win|witzigeid\n|c| Togekaiser|3/0\n|l|\u2606428y\n|player|p1|\n|c| Togekaiser|2 Kills Moongus\n|c| Togekaiser|1 Necrozma\n|c| Togekaiser|Ditto\n|c| Togekaiser|3\n|c| Togekaiser|Dnite 1\n|c| Togekaiser|\u00dcei 1\n|l|\u2606witzigeid\n|player|p2|\n|c| Togekaiser|Urshi 1\n", "uploadtime": 1790537853, "views": "31", "formatid": "gen8ou", "rating": null, "private": 0, "password": null}