{"id": "gen8ou-2689969002", "format": "[Gen 8] OU", "players": ["Togekaiser", "428y"], "log": "|j|\u2606Togekaiser\n|j|\u2606428y\n|t:|1790706620\n|gametype|singles\n|player|p1|Togekaiser|red|\n|player|p2|428y|medium|\n|gen|8\n|tier|[Gen 8] OU\n|rule|HP Percentage Mod: HP is shown in percentages\n|rule|Endless Battle Clause: Forcing endless battles is banned\n|rule|Sleep Clause Mod: Limit one foe put to sleep\n|rule|Species Clause: Limit one of each Pok\u00e9mon\n|rule|OHKO Clause: OHKO moves are banned\n|rule|Evasion Items Clause: Evasion items are banned\n|rule|Evasion Moves Clause: Evasion moves are banned\n|rule|Dynamax Clause: You cannot dynamax\n|clearpoke\n|poke|p1|Tapu Koko|\n|poke|p1|Slowking, F|\n|poke|p1|Raichu-Alola, M|\n|poke|p1|Gastrodon-East, M|\n|poke|p1|Mandibuzz, F|\n|poke|p1|Skarmory, F|\n|poke|p2|Azumarill, M|\n|poke|p2|Talonflame, M|\n|poke|p2|Metagross|\n|poke|p2|Dragonite, F|\n|poke|p2|Hawlucha, M|\n|poke|p2|Urshifu-*, M|\n|teampreview\n|j| wofuegro?\n|\n|t:|1790706701\n|teamsize|p1|6\n|teamsize|p2|6\n|start\n|switch|p1a: Storm thats coming|Tapu Koko|100/100\n|switch|p2a: Roadaroller-da|Azumarill, M|100/100\n|-fieldstart|move: Electric Terrain|[from] ability: Electric Surge|[of] p1a: Storm thats coming\n|turn|1\n|c| wofuegro?|gebt mir 3 min\n|\n|t:|1790706904\n|move|p1a: Storm thats coming|Volt Switch|p2a: Roadaroller-da\n|-supereffective|p2a: Roadaroller-da\n|-enditem|p2a: Roadaroller-da|Focus Sash\n|-damage|p2a: Roadaroller-da|1/100\n|\n|t:|1790706908\n|switch|p1a: John Skarm|Skarmory, F|100/100|[from] Volt Switch\n|move|p2a: Roadaroller-da|Steel Roller|p1a: John Skarm\n|-resisted|p1a: John Skarm\n|-damage|p1a: John Skarm|86/100\n|-fieldend|move: Electric Terrain\n|-damage|p2a: Roadaroller-da|0 fnt|[from] item: Rocky Helmet|[of] p1a: John Skarm\n|faint|p2a: Roadaroller-da\n|\n|upkeep\n|\n|t:|1790706918\n|switch|p2a: Meise|Talonflame, M|100/100\n|turn|2\n|\n|t:|1790706951\n|switch|p1a: Mr Pivot|Slowking, F|100/100\n|move|p2a: Meise|Overheat|p1a: Mr Pivot\n|-resisted|p1a: Mr Pivot\n|-damage|p1a: Mr Pivot|81/100\n|-unboost|p2a: Meise|spa|2\n|-enditem|p2a: Meise|Eject Pack\n|\n|t:|1790706977\n|switch|p2a: Stonehenge|Metagross, shiny|100/100\n|\n|-heal|p1a: Mr Pivot|87/100|[from] item: Leftovers\n|upkeep\n|turn|3\n|\n|t:|1790706985\n|move|p2a: Stonehenge|Stealth Rock|p1a: Mr Pivot\n|-sidestart|p1: Togekaiser|move: Stealth Rock\n|move|p1a: Mr Pivot|Teleport|p1a: Mr Pivot\n|\n|t:|1790706988\n|switch|p1a: Storm thats coming|Tapu Koko|100/100|[from] Teleport\n|-damage|p1a: Storm thats coming|88/100|[from] Stealth Rock\n|-fieldstart|move: Electric Terrain|[from] ability: Electric Surge|[of] p1a: Storm thats coming\n|\n|upkeep\n|turn|4\n|\n|t:|1790707005\n|move|p1a: Storm thats coming|Volt Switch|p2a: Stonehenge\n|-damage|p2a: Stonehenge|57/100\n|-enditem|p2a: Stonehenge|Red Card|[of] p1a: Storm thats coming\n|drag|p1a: John Skarm|Skarmory, F|86/100\n|-damage|p1a: John Skarm|74/100|[from] Stealth Rock\n|move|p2a: Stonehenge|Earthquake|p1a: John Skarm\n|-immune|p1a: John Skarm\n|\n|upkeep\n|turn|5\n|\n|t:|1790707012\n|move|p1a: John Skarm|Stealth Rock|p2a: Stonehenge\n|-sidestart|p2: 428y|move: Stealth Rock\n|move|p2a: Stonehenge|Ice Punch|p1a: John Skarm\n|-damage|p1a: John Skarm|59/100\n|-damage|p2a: Stonehenge|41/100|[from] item: Rocky Helmet|[of] p1a: John Skarm\n|\n|upkeep\n|turn|6\n|\n|t:|1790707018\n|move|p1a: John Skarm|Roost|p1a: John Skarm\n|-heal|p1a: John Skarm|100/100\n|-singleturn|p1a: John Skarm|move: Roost\n|move|p2a: Stonehenge|Ice Punch|p1a: John Skarm\n|-resisted|p1a: John Skarm\n|-damage|p1a: John Skarm|95/100\n|-damage|p2a: Stonehenge|24/100|[from] item: Rocky Helmet|[of] p1a: John Skarm\n|\n|upkeep\n|turn|7\n|\n|t:|1790707023\n|move|p1a: John Skarm|Body Press|p2a: Stonehenge\n|-damage|p2a: Stonehenge|2/100\n|move|p2a: Stonehenge|Ice Punch|p1a: John Skarm\n|-damage|p1a: John Skarm|80/100\n|-damage|p2a: Stonehenge|0 fnt|[from] item: Rocky Helmet|[of] p1a: John Skarm\n|faint|p2a: Stonehenge\n|\n|-fieldend|move: Electric Terrain\n|upkeep\n|\n|t:|1790707077\n|switch|p2a: Greyoll|Dragonite, F, shiny|100/100\n|-damage|p2a: Greyoll|76/100|[from] Stealth Rock\n|turn|8\n|\n|t:|1790707083\n|switch|p1a: Magicians Black|Mandibuzz, F|100/100\n|move|p2a: Greyoll|Dragon Tail|p1a: Magicians Black\n|-damage|p1a: Magicians Black|85/100\n|drag|p1a: John Skarm|Skarmory, F|80/100\n|-damage|p1a: John Skarm|68/100|[from] Stealth Rock\n|\n|-heal|p2a: Greyoll|82/100|[from] item: Leftovers\n|upkeep\n|turn|9\n|\n|t:|1790707092\n|move|p1a: John Skarm|Roost|p1a: John Skarm\n|-heal|p1a: John Skarm|100/100\n|-singleturn|p1a: John Skarm|move: Roost\n|move|p2a: Greyoll|Dragon Tail|p1a: John Skarm\n|-resisted|p1a: John Skarm\n|-crit|p1a: John Skarm\n|-damage|p1a: John Skarm|89/100\n|-damage|p2a: Greyoll|65/100|[from] item: Rocky Helmet|[of] p1a: John Skarm\n|drag|p1a: Magicians Black|Mandibuzz, F|85/100\n|\n|-heal|p2a: Greyoll|71/100|[from] item: Leftovers\n|upkeep\n|turn|10\n|\n|t:|1790707115\n|move|p1a: Magicians Black|Knock Off|p2a: Greyoll\n|-crit|p2a: Greyoll\n|-damage|p2a: Greyoll|41/100\n|-enditem|p2a: Greyoll|Leftovers|[from] move: Knock Off|[of] p1a: Magicians Black\n|move|p2a: Greyoll|Dragon Tail|p1a: Magicians Black\n|-damage|p1a: Magicians Black|69/100\n|drag|p1a: Mr Pivot|Slowking, F|100/100\n|-damage|p1a: Mr Pivot|88/100|[from] Stealth Rock\n|\n|-heal|p1a: Mr Pivot|94/100|[from] item: Leftovers\n|upkeep\n|turn|11\n|\n|t:|1790707123\n|move|p2a: Greyoll|Roost|p2a: Greyoll\n|-heal|p2a: Greyoll|91/100\n|-singleturn|p2a: Greyoll|move: Roost\n|move|p1a: Mr Pivot|Ice Beam|p2a: Greyoll\n|-supereffective|p2a: Greyoll\n|-damage|p2a: Greyoll|66/100\n|\n|-heal|p1a: Mr Pivot|99/100|[from] item: Leftovers\n|upkeep\n|turn|12\n|\n|t:|1790707129\n|move|p2a: Greyoll|Roost|p2a: Greyoll\n|-heal|p2a: Greyoll|100/100\n|-singleturn|p2a: Greyoll|move: Roost\n|move|p1a: Mr Pivot|Ice Beam|p2a: Greyoll\n|-supereffective|p2a: Greyoll\n|-damage|p2a: Greyoll|88/100\n|\n|-heal|p1a: Mr Pivot|100/100|[from] item: Leftovers\n|upkeep\n|turn|13\n|\n|t:|1790707144\n|move|p1a: Mr Pivot|Ice Beam|p2a: Greyoll\n|-supereffective|p2a: Greyoll\n|-damage|p2a: Greyoll|39/100\n|move|p2a: Greyoll|Dragon Tail|p1a: Mr Pivot\n|-damage|p1a: Mr Pivot|80/100\n|drag|p1a: Motivierte Ratte|Raichu-Alola, M|100/100\n|-damage|p1a: Motivierte Ratte|88/100|[from] Stealth Rock\n|\n|upkeep\n|turn|14\n|\n|t:|1790707159\n|move|p1a: Motivierte Ratte|Volt Switch|p2a: Greyoll\n|-damage|p2a: Greyoll|10/100\n|-damage|p1a: Motivierte Ratte|78/100|[from] item: Life Orb\n|\n|t:|1790707164\n|switch|p1a: John Skarm|Skarmory, F|89/100|[from] Volt Switch\n|-damage|p1a: John Skarm|76/100|[from] Stealth Rock\n|move|p2a: Greyoll|Roost|p2a: Greyoll\n|-heal|p2a: Greyoll|60/100\n|-singleturn|p2a: Greyoll|move: Roost\n|\n|upkeep\n|turn|15\n|\n|t:|1790707174\n|move|p2a: Greyoll|Roost|p2a: Greyoll\n|-heal|p2a: Greyoll|100/100\n|-singleturn|p2a: Greyoll|move: Roost\n|move|p1a: John Skarm|Brave Bird|p2a: Greyoll\n|-damage|p2a: Greyoll|85/100\n|-damage|p1a: John Skarm|71/100|[from] Recoil\n|\n|upkeep\n|turn|16\n|\n|t:|1790707181\n|move|p2a: Greyoll|Fire Punch|p1a: John Skarm\n|-supereffective|p1a: John Skarm\n|-damage|p1a: John Skarm|42/100\n|-damage|p2a: Greyoll|69/100|[from] item: Rocky Helmet|[of] p1a: John Skarm\n|move|p1a: John Skarm|Roost|p1a: John Skarm\n|-heal|p1a: John Skarm|92/100\n|-singleturn|p1a: John Skarm|move: Roost\n|\n|upkeep\n|turn|17\n|\n|t:|1790707200\n|switch|p1a: Mr Pivot|Slowking, F|100/100\n|-damage|p1a: Mr Pivot|88/100|[from] Stealth Rock\n|move|p2a: Greyoll|Fire Punch|p1a: Mr Pivot\n|-resisted|p1a: Mr Pivot\n|-damage|p1a: Mr Pivot|80/100\n|-status|p1a: Mr Pivot|brn\n|\n|-heal|p1a: Mr Pivot|86/100 brn|[from] item: Leftovers\n|-damage|p1a: Mr Pivot|80/100 brn|[from] brn\n|upkeep\n|turn|18\n|\n|t:|1790707211\n|move|p1a: Mr Pivot|Ice Beam|p2a: Greyoll\n|-supereffective|p2a: Greyoll\n|-damage|p2a: Greyoll|15/100\n|move|p2a: Greyoll|Dragon Tail|p1a: Mr Pivot\n|-damage|p1a: Mr Pivot|60/100 brn\n|drag|p1a: Storm thats coming|Tapu Koko|88/100\n|-damage|p1a: Storm thats coming|76/100|[from] Stealth Rock\n|-fieldstart|move: Electric Terrain|[from] ability: Electric Surge|[of] p1a: Storm thats coming\n|\n|upkeep\n|turn|19\n|\n|t:|1790707257\n|move|p1a: Storm thats coming|Volt Switch|p2a: Greyoll\n|-damage|p2a: Greyoll|0 fnt\n|faint|p2a: Greyoll\n|\n|t:|1790707268\n|switch|p1a: Motivierte Ratte|Raichu-Alola, M|78/100|[from] Volt Switch\n|-damage|p1a: Motivierte Ratte|66/100|[from] Stealth Rock\n|\n|upkeep\n|\n|t:|1790707278\n|switch|p2a: diddler\ud83d\udc4c|Hawlucha, M|100/100\n|-damage|p2a: diddler\ud83d\udc4c|88/100|[from] Stealth Rock\n|-enditem|p2a: diddler\ud83d\udc4c|Electric Seed\n|-boost|p2a: diddler\ud83d\udc4c|def|1|[from] item: Electric Seed\n|turn|20\n|\n|t:|1790707291\n|switch|p1a: John Skarm|Skarmory, F|92/100\n|-damage|p1a: John Skarm|80/100|[from] Stealth Rock\n|move|p2a: diddler\ud83d\udc4c|Sky Attack||[still]\n|-prepare|p2a: diddler\ud83d\udc4c|Sky Attack\n|\n|upkeep\n|turn|21\n|\n|t:|1790707303\n|move|p2a: diddler\ud83d\udc4c|Sky Attack|p1a: John Skarm|[from] lockedmove\n|-resisted|p1a: John Skarm\n|-damage|p1a: John Skarm|64/100\n|move|p1a: John Skarm|Brave Bird|p2a: diddler\ud83d\udc4c\n|-supereffective|p2a: diddler\ud83d\udc4c\n|-damage|p2a: diddler\ud83d\udc4c|24/100\n|-damage|p1a: John Skarm|44/100|[from] Recoil\n|\n|upkeep\n|turn|22\n|\n|t:|1790707325\n|move|p2a: diddler\ud83d\udc4c|Close Combat|p1a: John Skarm\n|-crit|p1a: John Skarm\n|-damage|p1a: John Skarm|0 fnt\n|-unboost|p2a: diddler\ud83d\udc4c|def|1\n|-unboost|p2a: diddler\ud83d\udc4c|spd|1\n|-damage|p2a: diddler\ud83d\udc4c|8/100|[from] item: Rocky Helmet|[of] p1a: John Skarm\n|faint|p1a: John Skarm\n|\n|-fieldend|move: Electric Terrain\n|upkeep\n|\n|t:|1790707336\n|switch|p1a: Sneggen|Gastrodon-East, M|100/100\n|-damage|p1a: Sneggen|94/100|[from] Stealth Rock\n|turn|23\n|\n|t:|1790707362\n|move|p2a: diddler\ud83d\udc4c|Close Combat|p1a: Sneggen\n|-damage|p1a: Sneggen|59/100\n|-unboost|p2a: diddler\ud83d\udc4c|def|1\n|-unboost|p2a: diddler\ud83d\udc4c|spd|1\n|move|p1a: Sneggen|Scald|p2a: diddler\ud83d\udc4c\n|-damage|p2a: diddler\ud83d\udc4c|0 fnt\n|faint|p2a: diddler\ud83d\udc4c\n|\n|upkeep\n|\n|t:|1790707392\n|switch|p2a: Meise|Talonflame, M|100/100\n|-damage|p2a: Meise|50/100|[from] Stealth Rock\n|turn|24\n|\n|t:|1790707422\n|move|p2a: Meise|Tailwind|p2a: Meise\n|-sidestart|p2: 428y|move: Tailwind\n|move|p1a: Sneggen|Recover|p1a: Sneggen\n|-heal|p1a: Sneggen|100/100\n|\n|upkeep\n|turn|25\n|\n|t:|1790707426\n|move|p2a: Meise|Defog|p1a: Sneggen\n|-unboost|p1a: Sneggen|evasion|1\n|-sideend|p1: Togekaiser|Stealth Rock|[from] move: Defog|[of] p2a: Meise\n|-sideend|p2: 428y|Stealth Rock|[from] move: Defog|[of] p2a: Meise\n|move|p1a: Sneggen|Clear Smog|p2a: Meise\n|-damage|p2a: Meise|33/100\n|-clearboost|p2a: Meise\n|\n|upkeep\n|turn|26\n|\n|t:|1790707437\n|move|p2a: Meise|U-turn|p1a: Sneggen\n|-damage|p1a: Sneggen|92/100\n|\n|t:|1790707440\n|switch|p2a: 5nights|Urshifu-Rapid-Strike, M|100/100|[from] U-turn\n|move|p1a: Sneggen|Scald|p2a: 5nights\n|-resisted|p2a: 5nights\n|-damage|p2a: 5nights|80/100\n|\n|upkeep\n|turn|27\n|\n|t:|1790707447\n|switch|p1a: Mr Pivot|Slowking, F|93/100 brn\n|move|p2a: 5nights|Close Combat|p1a: Mr Pivot\n|-resisted|p1a: Mr Pivot\n|-damage|p1a: Mr Pivot|58/100 brn\n|-unboost|p2a: 5nights|def|1\n|-unboost|p2a: 5nights|spd|1\n|\n|-heal|p1a: Mr Pivot|64/100 brn|[from] item: Leftovers\n|-damage|p1a: Mr Pivot|58/100 brn|[from] brn\n|-sideend|p2: 428y|move: Tailwind\n|upkeep\n|turn|28\n|\n|t:|1790707451\n|switch|p2a: Meise|Talonflame, M|33/100\n|move|p1a: Mr Pivot|Psychic|p2a: Meise\n|-damage|p2a: Meise|0 fnt\n|faint|p2a: Meise\n|\n|-heal|p1a: Mr Pivot|64/100 brn|[from] item: Leftovers\n|-damage|p1a: Mr Pivot|58/100 brn|[from] brn\n|upkeep\n|\n|t:|1790707459\n|switch|p2a: 5nights|Urshifu-Rapid-Strike, M|80/100\n|turn|29\n|\n|t:|1790707463\n|move|p2a: 5nights|U-turn|p1a: Mr Pivot\n|-supereffective|p1a: Mr Pivot\n|-damage|p1a: Mr Pivot|0 fnt\n|faint|p1a: Mr Pivot\n|\n|upkeep\n|\n|t:|1790707466\n|switch|p1a: Storm thats coming|Tapu Koko|76/100\n|-fieldstart|move: Electric Terrain|[from] ability: Electric Surge|[of] p1a: Storm thats coming\n|turn|30\n|\n|t:|1790707471\n|move|p1a: Storm thats coming|Thunderbolt|p2a: 5nights\n|-supereffective|p2a: 5nights\n|-damage|p2a: 5nights|0 fnt\n|faint|p2a: 5nights\n|\n|win|Togekaiser\n", "uploadtime": 1790707508, "views": "22", "formatid": "gen8ou", "rating": null, "private": 0, "password": null}