{"id": "gen8ou-2691711363", "format": "[Gen 8] OU", "players": ["ToninTornado", "papalanches44"], "log": "|j|\u2606ToninTornado\n|j|\u2606papalanches44\n|t:|1790958375\n|gametype|singles\n|player|p1|ToninTornado|backpacker|\n|player|p2|papalanches44|giovanni|\n|gen|8\n|tier|[Gen 8] OU\n|rule|HP Percentage Mod: HP is shown in percentages\n|rule|Endless Battle Clause: Forcing endless battles is banned\n|rule|Sleep Clause Mod: Limit one foe put to sleep\n|rule|Species Clause: Limit one of each Pok\u00e9mon\n|rule|OHKO Clause: OHKO moves are banned\n|rule|Evasion Items Clause: Evasion items are banned\n|rule|Evasion Moves Clause: Evasion moves are banned\n|rule|Dynamax Clause: You cannot dynamax\n|clearpoke\n|poke|p1|Landorus-Therian, M|\n|poke|p1|Dragapult, F|\n|poke|p1|Melmetal|\n|poke|p1|Heatran, M|\n|poke|p1|Zapdos|\n|poke|p1|Urshifu-*, F|\n|poke|p2|Landorus-Therian, M|\n|poke|p2|Rillaboom, F|\n|poke|p2|Melmetal|\n|poke|p2|Urshifu-*, F|\n|poke|p2|Weavile, F|\n|poke|p2|Zapdos|\n|teampreview\n|c|\u2606ToninTornado|glhf\n|c|\u2606papalanches44|u2\n|\n|t:|1790958423\n|teamsize|p1|6\n|teamsize|p2|6\n|start\n|switch|p1a: Dragapult|Dragapult, F|100/100\n|switch|p2a: Landorus|Landorus-Therian, M|100/100\n|-ability|p2a: Landorus|Intimidate|boost\n|-unboost|p1a: Dragapult|atk|1\n|turn|1\n|\n|t:|1790958455\n|switch|p2a: Melmetal|Melmetal|100/100\n|move|p1a: Dragapult|Shadow Ball|p2a: Melmetal\n|-damage|p2a: Melmetal|73/100\n|\n|upkeep\n|turn|2\n|\n|t:|1790958465\n|switch|p1a: Zapdos|Zapdos|100/100\n|switch|p2a: Landorus|Landorus-Therian, M|100/100\n|-ability|p2a: Landorus|Intimidate|boost\n|-unboost|p1a: Zapdos|atk|1\n|\n|upkeep\n|turn|3\n|\n|t:|1790958471\n|switch|p1a: Landorus|Landorus-Therian, M|100/100\n|-ability|p1a: Landorus|Intimidate|boost\n|-unboost|p2a: Landorus|atk|1\n|move|p2a: Landorus|Stealth Rock|p1a: Landorus\n|-sidestart|p1: ToninTornado|move: Stealth Rock\n|\n|upkeep\n|turn|4\n|\n|t:|1790958480\n|move|p2a: Landorus|Stone Edge|p1a: Landorus\n|-damage|p1a: Landorus|83/100\n|move|p1a: Landorus|Stealth Rock|p2a: Landorus\n|-sidestart|p2: papalanches44|move: Stealth Rock\n|\n|-heal|p1a: Landorus|89/100|[from] item: Leftovers\n|upkeep\n|turn|5\n|\n|t:|1790958487\n|move|p2a: Landorus|Stone Edge|p1a: Landorus\n|-damage|p1a: Landorus|73/100\n|move|p1a: Landorus|U-turn|p2a: Landorus\n|-resisted|p2a: Landorus\n|-crit|p2a: Landorus\n|-damage|p2a: Landorus|80/100\n|\n|t:|1790958499\n|switch|p1a: Urshifu|Urshifu-Rapid-Strike, F|100/100|[from] U-turn\n|-damage|p1a: Urshifu|94/100|[from] Stealth Rock\n|\n|upkeep\n|turn|6\n|\n|t:|1790958513\n|switch|p1a: Melmetal|Melmetal|100/100\n|-damage|p1a: Melmetal|94/100|[from] Stealth Rock\n|move|p2a: Landorus|Explosion|p1a: Melmetal\n|-resisted|p1a: Melmetal\n|-damage|p1a: Melmetal|77/100\n|faint|p2a: Landorus\n|\n|-heal|p1a: Melmetal|83/100|[from] item: Leftovers\n|upkeep\n|\n|t:|1790958522\n|switch|p2a: Urshifu|Urshifu-Rapid-Strike, F|100/100\n|-damage|p2a: Urshifu|94/100|[from] Stealth Rock\n|turn|7\n|\n|t:|1790958533\n|switch|p1a: Zapdos|Zapdos|100/100\n|move|p2a: Urshifu|U-turn|p1a: Zapdos\n|-resisted|p1a: Zapdos\n|-damage|p1a: Zapdos|92/100\n|\n|t:|1790958540\n|switch|p2a: Weavile|Weavile, F|100/100|[from] U-turn\n|-damage|p2a: Weavile|76/100|[from] Stealth Rock\n|-ability|p2a: Weavile|Pressure\n|\n|upkeep\n|turn|8\n|\n|t:|1790958563\n|switch|p1a: Melmetal|Melmetal|83/100\n|-damage|p1a: Melmetal|77/100|[from] Stealth Rock\n|move|p2a: Weavile|Low Kick|p1a: Melmetal\n|-supereffective|p1a: Melmetal\n|-damage|p1a: Melmetal|12/100\n|\n|-heal|p1a: Melmetal|18/100|[from] item: Leftovers\n|upkeep\n|turn|9\n|\n|t:|1790958572\n|switch|p2a: Zapdos|Zapdos|100/100\n|switch|p1a: Zapdos|Zapdos|92/100\n|\n|upkeep\n|turn|10\n|\n|t:|1790958577\n|move|p2a: Zapdos|Roost||[still]\n|-fail|p2a: Zapdos|heal\n|move|p1a: Zapdos|Discharge|p2a: Zapdos\n|-crit|p2a: Zapdos\n|-damage|p2a: Zapdos|54/100\n|\n|upkeep\n|turn|11\n|\n|t:|1790958581\n|move|p2a: Zapdos|Roost|p2a: Zapdos\n|-heal|p2a: Zapdos|100/100\n|-singleturn|p2a: Zapdos|move: Roost\n|move|p1a: Zapdos|Defog|p2a: Zapdos\n|-unboost|p2a: Zapdos|evasion|1\n|-sideend|p2: papalanches44|Stealth Rock|[from] move: Defog|[of] p1a: Zapdos\n|-sideend|p1: ToninTornado|Stealth Rock|[from] move: Defog|[of] p1a: Zapdos\n|\n|upkeep\n|turn|12\n|\n|t:|1790958597\n|switch|p1a: Landorus|Landorus-Therian, M|73/100\n|-ability|p1a: Landorus|Intimidate|boost\n|-unboost|p2a: Zapdos|atk|1\n|move|p2a: Zapdos|Volt Switch|p1a: Landorus\n|-immune|p1a: Landorus\n|\n|-heal|p1a: Landorus|79/100|[from] item: Leftovers\n|upkeep\n|turn|13\n|\n|t:|1790958605\n|move|p2a: Zapdos|Hurricane|p1a: Landorus\n|-damage|p1a: Landorus|34/100\n|move|p1a: Landorus|Stealth Rock|p2a: Zapdos\n|-sidestart|p2: papalanches44|move: Stealth Rock\n|\n|-heal|p1a: Landorus|40/100|[from] item: Leftovers\n|upkeep\n|turn|14\n|\n|t:|1790958636\n|move|p2a: Zapdos|Defog|p1a: Landorus\n|-unboost|p1a: Landorus|evasion|1\n|-sideend|p2: papalanches44|Stealth Rock|[from] move: Defog|[of] p2a: Zapdos\n|move|p1a: Landorus|Toxic|p2a: Zapdos\n|-status|p2a: Zapdos|tox\n|\n|-heal|p1a: Landorus|46/100|[from] item: Leftovers\n|-damage|p2a: Zapdos|94/100 tox|[from] psn\n|upkeep\n|turn|15\n|\n|t:|1790958650\n|move|p2a: Zapdos|Hurricane|p1a: Landorus\n|-damage|p1a: Landorus|0 fnt\n|faint|p1a: Landorus\n|\n|-damage|p2a: Zapdos|82/100 tox|[from] psn\n|upkeep\n|\n|t:|1790958662\n|switch|p1a: Heatran|Heatran, M|100/100\n|turn|16\n|\n|t:|1790958691\n|move|p1a: Heatran|Protect|p1a: Heatran\n|-singleturn|p1a: Heatran|Protect\n|move|p2a: Zapdos|Volt Switch|p1a: Heatran\n|-activate|p1a: Heatran|move: Protect\n|\n|-damage|p2a: Zapdos|64/100 tox|[from] psn\n|upkeep\n|turn|17\n|\n|t:|1790958696\n|move|p2a: Zapdos|Volt Switch|p1a: Heatran\n|-damage|p1a: Heatran|82/100\n|\n|t:|1790958703\n|switch|p2a: Urshifu|Urshifu-Rapid-Strike, F|94/100|[from] Volt Switch\n|move|p1a: Heatran|Magma Storm|p2a: Urshifu\n|-resisted|p2a: Urshifu\n|-damage|p2a: Urshifu|64/100\n|-activate|p2a: Urshifu|move: Magma Storm|[of] p1a: Heatran\n|\n|-heal|p1a: Heatran|88/100|[from] item: Leftovers\n|-damage|p2a: Urshifu|52/100|[from] move: Magma Storm|[partiallytrapped]\n|upkeep\n|turn|18\n|\n|t:|1790958713\n|switch|p1a: Zapdos|Zapdos|92/100\n|move|p2a: Urshifu|Surging Strikes|p1a: Zapdos\n|-crit|p1a: Zapdos\n|-damage|p1a: Zapdos|77/100\n|-crit|p1a: Zapdos\n|-damage|p1a: Zapdos|63/100\n|-status|p2a: Urshifu|par|[from] ability: Static|[of] p1a: Zapdos\n|-crit|p1a: Zapdos\n|-damage|p1a: Zapdos|50/100\n|-hitcount|p1a: Zapdos|3\n|\n|-end|p2a: Urshifu|Magma Storm|[partiallytrapped]|[silent]\n|upkeep\n|turn|19\n|j| BUZEIRA22\n|\n|t:|1790958796\n|switch|p2a: Weavile|Weavile, F|76/100\n|-ability|p2a: Weavile|Pressure\n|move|p1a: Zapdos|Roost|p1a: Zapdos\n|-heal|p1a: Zapdos|99/100\n|-singleturn|p1a: Zapdos|move: Roost\n|\n|upkeep\n|turn|20\n|j| soso careca\n|\n|t:|1790958810\n|switch|p1a: Melmetal|Melmetal|18/100\n|move|p2a: Weavile|Triple Axel|p1a: Melmetal\n|-resisted|p1a: Melmetal\n|-damage|p1a: Melmetal|14/100\n|-resisted|p1a: Melmetal\n|-damage|p1a: Melmetal|6/100\n|-resisted|p1a: Melmetal\n|-damage|p1a: Melmetal|0 fnt\n|faint|p1a: Melmetal\n|-hitcount|p1: Melmetal|3\n|\n|upkeep\n|\n|t:|1790958814\n|switch|p1a: Heatran|Heatran, M|88/100\n|turn|21\n|\n|t:|1790958837\n|switch|p2a: Zapdos|Zapdos|64/100 tox\n|move|p1a: Heatran|Magma Storm|p2a: Zapdos\n|-damage|p2a: Zapdos|22/100 tox\n|-activate|p2a: Zapdos|move: Magma Storm|[of] p1a: Heatran\n|\n|-heal|p1a: Heatran|94/100|[from] item: Leftovers\n|-damage|p2a: Zapdos|16/100 tox|[from] psn\n|-damage|p2a: Zapdos|4/100 tox|[from] move: Magma Storm|[partiallytrapped]\n|upkeep\n|turn|22\n|\n|t:|1790958842\n|move|p1a: Heatran|Protect|p1a: Heatran\n|-singleturn|p1a: Heatran|Protect\n|move|p2a: Zapdos|Roost|p2a: Zapdos\n|-heal|p2a: Zapdos|54/100 tox\n|-singleturn|p2a: Zapdos|move: Roost\n|\n|-heal|p1a: Heatran|100/100|[from] item: Leftovers\n|-damage|p2a: Zapdos|42/100 tox|[from] psn\n|-damage|p2a: Zapdos|30/100 tox|[from] move: Magma Storm|[partiallytrapped]\n|upkeep\n|turn|23\n|\n|t:|1790958851\n|move|p2a: Zapdos|Volt Switch|p1a: Heatran\n|-damage|p1a: Heatran|83/100\n|\n|t:|1790958857\n|switch|p2a: Urshifu|Urshifu-Rapid-Strike, F|52/100 par|[from] Volt Switch\n|move|p1a: Heatran|Earth Power|p2a: Urshifu\n|-damage|p2a: Urshifu|16/100 par\n|\n|-heal|p1a: Heatran|89/100|[from] item: Leftovers\n|upkeep\n|turn|24\n|\n|t:|1790958948\n|switch|p1a: Urshifu|Urshifu-Rapid-Strike, F|94/100\n|move|p2a: Urshifu|Surging Strikes|p1a: Urshifu\n|-resisted|p1a: Urshifu\n|-crit|p1a: Urshifu\n|-damage|p1a: Urshifu|85/100\n|-resisted|p1a: Urshifu\n|-crit|p1a: Urshifu\n|-damage|p1a: Urshifu|75/100\n|-resisted|p1a: Urshifu\n|-crit|p1a: Urshifu\n|-damage|p1a: Urshifu|64/100\n|-hitcount|p1a: Urshifu|3\n|\n|upkeep\n|turn|25\n|\n|t:|1790958982\n|switch|p1a: Dragapult|Dragapult, F|100/100\n|move|p2a: Urshifu|Surging Strikes|p1a: Dragapult\n|-resisted|p1a: Dragapult\n|-crit|p1a: Dragapult\n|-damage|p1a: Dragapult|87/100\n|-resisted|p1a: Dragapult\n|-crit|p1a: Dragapult\n|-damage|p1a: Dragapult|74/100\n|-resisted|p1a: Dragapult\n|-crit|p1a: Dragapult\n|-damage|p1a: Dragapult|60/100\n|-hitcount|p1a: Dragapult|3\n|\n|upkeep\n|turn|26\n|\n|t:|1790959005\n|move|p1a: Dragapult|Shadow Ball|p2a: Urshifu\n|-damage|p2a: Urshifu|0 fnt\n|faint|p2a: Urshifu\n|\n|upkeep\n|\n|t:|1790959024\n|switch|p2a: Melmetal|Melmetal|73/100\n|turn|27\n|\n|t:|1790959041\n|switch|p1a: Zapdos|Zapdos|99/100\n|move|p2a: Melmetal|Earthquake|p1a: Zapdos\n|-immune|p1a: Zapdos\n|\n|upkeep\n|turn|28\n|\n|t:|1790959051\n|switch|p2a: Zapdos|Zapdos|30/100 tox\n|move|p1a: Zapdos|Discharge|p2a: Zapdos\n|-damage|p2a: Zapdos|0 fnt\n|faint|p2a: Zapdos\n|\n|upkeep\n|\n|t:|1790959062\n|switch|p2a: Melmetal|Melmetal|73/100\n|turn|29\n|\n|t:|1790959069\n|switch|p1a: Heatran|Heatran, M|89/100\n|move|p2a: Melmetal|Ice Punch|p1a: Heatran\n|-resisted|p1a: Heatran\n|-damage|p1a: Heatran|83/100\n|\n|-heal|p1a: Heatran|89/100|[from] item: Leftovers\n|upkeep\n|turn|30\n|\n|t:|1790959079\n|move|p1a: Heatran|Magma Storm|p2a: Melmetal\n|-supereffective|p2a: Melmetal\n|-damage|p2a: Melmetal|28/100\n|-activate|p2a: Melmetal|move: Magma Storm|[of] p1a: Heatran\n|move|p2a: Melmetal|Earthquake|p1a: Heatran\n|-supereffective|p1a: Heatran\n|-damage|p1a: Heatran|0 fnt\n|faint|p1a: Heatran\n|\n|-end|p2a: Melmetal|Magma Storm|[partiallytrapped]|[silent]\n|upkeep\n|\n|t:|1790959086\n|switch|p1a: Urshifu|Urshifu-Rapid-Strike, F|64/100\n|turn|31\n|\n|t:|1790959098\n|switch|p2a: Rillaboom|Rillaboom, F|100/100\n|-fieldstart|move: Grassy Terrain|[from] ability: Grassy Surge|[of] p2a: Rillaboom\n|move|p1a: Urshifu|Close Combat|p2a: Rillaboom\n|-damage|p2a: Rillaboom|47/100\n|-unboost|p1a: Urshifu|def|1\n|-unboost|p1a: Urshifu|spd|1\n|\n|-heal|p1a: Urshifu|70/100|[from] Grassy Terrain\n|-heal|p2a: Rillaboom|53/100|[from] Grassy Terrain\n|-heal|p2a: Rillaboom|60/100|[from] item: Leftovers\n|upkeep\n|turn|32\n|\n|t:|1790959119\n|switch|p1a: Zapdos|Zapdos|99/100\n|move|p2a: Rillaboom|Grassy Glide|p1a: Zapdos\n|-resisted|p1a: Zapdos\n|-damage|p1a: Zapdos|82/100\n|-status|p2a: Rillaboom|par|[from] ability: Static|[of] p1a: Zapdos\n|\n|-heal|p2a: Rillaboom|66/100 par|[from] Grassy Terrain\n|-heal|p2a: Rillaboom|72/100 par|[from] item: Leftovers\n|upkeep\n|turn|33\n|\n|t:|1790959134\n|switch|p2a: Melmetal|Melmetal|28/100\n|move|p1a: Zapdos|Hurricane|p2a: Melmetal|[miss]\n|-miss|p1a: Zapdos|p2a: Melmetal\n|\n|-heal|p2a: Melmetal|34/100|[from] Grassy Terrain\n|upkeep\n|turn|34\n|\n|t:|1790959149\n|move|p1a: Zapdos|Discharge|p2a: Melmetal\n|-damage|p2a: Melmetal|15/100\n|move|p2a: Melmetal|Double Iron Bash|p1a: Zapdos\n|-resisted|p1a: Zapdos\n|-crit|p1a: Zapdos\n|-damage|p1a: Zapdos|61/100\n|-resisted|p1a: Zapdos\n|-damage|p1a: Zapdos|48/100\n|-status|p2a: Melmetal|par|[from] ability: Static|[of] p1a: Zapdos\n|-hitcount|p1a: Zapdos|2\n|\n|-heal|p2a: Melmetal|22/100 par|[from] Grassy Terrain\n|upkeep\n|turn|35\n|\n|t:|1790959153\n|move|p1a: Zapdos|Roost|p1a: Zapdos\n|-heal|p1a: Zapdos|98/100\n|-singleturn|p1a: Zapdos|move: Roost\n|move|p2a: Melmetal|Double Iron Bash|p1a: Zapdos\n|-resisted|p1a: Zapdos\n|-damage|p1a: Zapdos|83/100\n|-resisted|p1a: Zapdos\n|-damage|p1a: Zapdos|68/100\n|-hitcount|p1a: Zapdos|2\n|\n|-heal|p1a: Zapdos|74/100|[from] Grassy Terrain\n|-heal|p2a: Melmetal|28/100 par|[from] Grassy Terrain\n|-fieldend|move: Grassy Terrain\n|upkeep\n|turn|36\n|c|\u2606papalanches44|para\n|c|\u2606ToninTornado|para oq loko\n|c|\u2606papalanches44|tudo eu ganho para\n|c|\u2606ToninTornado|hurri+disc matava\n|\n|t:|1790959181\n|move|p1a: Zapdos|Discharge|p2a: Melmetal\n|-damage|p2a: Melmetal|9/100 par\n|move|p2a: Melmetal|Ice Punch|p1a: Zapdos\n|-supereffective|p1a: Zapdos\n|-damage|p1a: Zapdos|22/100\n|\n|upkeep\n|turn|37\n|\n|t:|1790959194\n|move|p1a: Zapdos|Roost|p1a: Zapdos\n|-heal|p1a: Zapdos|72/100\n|-singleturn|p1a: Zapdos|move: Roost\n|move|p2a: Melmetal|Ice Punch|p1a: Zapdos\n|-damage|p1a: Zapdos|50/100\n|\n|upkeep\n|turn|38\n|\n|t:|1790959226\n|move|p1a: Zapdos|Discharge|p2a: Melmetal\n|-damage|p2a: Melmetal|0 fnt\n|faint|p2a: Melmetal\n|\n|upkeep\n|\n|t:|1790959239\n|switch|p2a: Weavile|Weavile, F|76/100\n|-ability|p2a: Weavile|Pressure\n|turn|39\n|\n|t:|1790959261\n|move|p2a: Weavile|Knock Off|p1a: Zapdos\n|-damage|p1a: Zapdos|0 fnt\n|-enditem|p1a: Zapdos|Heavy-Duty Boots|[from] move: Knock Off|[of] p2a: Weavile\n|faint|p1a: Zapdos\n|\n|upkeep\n|\n|t:|1790959264\n|switch|p1a: Urshifu|Urshifu-Rapid-Strike, F|70/100\n|turn|40\n|\n|t:|1790959320\n|switch|p2a: Rillaboom|Rillaboom, F|72/100 par\n|-fieldstart|move: Grassy Terrain|[from] ability: Grassy Surge|[of] p2a: Rillaboom\n|move|p1a: Urshifu|U-turn|p2a: Rillaboom\n|-supereffective|p2a: Rillaboom\n|-damage|p2a: Rillaboom|27/100 par\n|\n|t:|1790959326\n|switch|p1a: Dragapult|Dragapult, F|60/100|[from] U-turn\n|\n|-heal|p1a: Dragapult|66/100|[from] Grassy Terrain\n|-heal|p2a: Rillaboom|33/100 par|[from] Grassy Terrain\n|-heal|p2a: Rillaboom|39/100 par|[from] item: Leftovers\n|upkeep\n|turn|41\n|\n|t:|1790959331\n|move|p2a: Rillaboom|Grassy Glide|p1a: Dragapult\n|-resisted|p1a: Dragapult\n|-damage|p1a: Dragapult|33/100\n|move|p1a: Dragapult|Flamethrower|p2a: Rillaboom\n|-supereffective|p2a: Rillaboom\n|-crit|p2a: Rillaboom\n|-damage|p2a: Rillaboom|0 fnt\n|faint|p2a: Rillaboom\n|\n|-heal|p1a: Dragapult|39/100|[from] Grassy Terrain\n|upkeep\n|\n|t:|1790959334\n|switch|p2a: Weavile|Weavile, F|76/100\n|-ability|p2a: Weavile|Pressure\n|turn|42\n|c|\u2606ToninTornado|gg\n|c|\u2606papalanches44|gg\n|\n|t:|1790959348\n|move|p2a: Weavile|Ice Shard|p1a: Dragapult\n|-supereffective|p1a: Dragapult\n|-crit|p1a: Dragapult\n|-damage|p1a: Dragapult|0 fnt\n|faint|p1a: Dragapult\n|\n|-heal|p2a: Weavile|82/100|[from] Grassy Terrain\n|upkeep\n|c|\u2606papalanches44|mt paralize cara\n|c|\u2606papalanches44|slk\n|\n|t:|1790959354\n|switch|p1a: Urshifu|Urshifu-Rapid-Strike, F|70/100\n|turn|43\n|\n|t:|1790959366\n|move|p2a: Weavile|Ice Shard|p1a: Urshifu\n|-resisted|p1a: Urshifu\n|-damage|p1a: Urshifu|55/100\n|move|p1a: Urshifu|Close Combat|p2a: Weavile\n|-supereffective|p2a: Weavile\n|-damage|p2a: Weavile|0 fnt\n|-unboost|p1a: Urshifu|def|1\n|-unboost|p1a: Urshifu|spd|1\n|faint|p2a: Weavile\n|\n|win|ToninTornado\n", "uploadtime": 1790959367, "views": "2", "formatid": "gen8ou", "rating": null, "private": 0, "password": null}