{"id": "gen8ou-2692287906", "format": "[Gen 8] OU", "players": ["Cursedrodent", "RST4"], "log": "|j|\u2606Cursedrodent\n|j|\u2606RST4\n|t:|1791052235\n|gametype|singles\n|player|p1|Cursedrodent|richboy|1142\n|player|p2|RST4|hilbert-wonderlauncher|1284\n|gen|8\n|tier|[Gen 8] OU\n|rated|\n|rule|HP Percentage Mod: HP is shown in percentages\n|rule|Endless Battle Clause: Forcing endless battles is banned\n|rule|Sleep Clause Mod: Limit one foe put to sleep\n|rule|Species Clause: Limit one of each Pok\u00e9mon\n|rule|OHKO Clause: OHKO moves are banned\n|rule|Evasion Items Clause: Evasion items are banned\n|rule|Evasion Moves Clause: Evasion moves are banned\n|rule|Dynamax Clause: You cannot dynamax\n|clearpoke\n|poke|p1|Cradily, F|\n|poke|p1|Golurk|\n|poke|p1|Clefable, F|\n|poke|p1|Slowbro, M|\n|poke|p1|Heatran, M|\n|poke|p1|Bisharp, M|\n|poke|p2|Inteleon, M|\n|poke|p2|Ferrothorn, M|\n|poke|p2|Togekiss, F|\n|poke|p2|Dragapult, M|\n|poke|p2|Diggersby, F|\n|poke|p2|Toxapex, F|\n|teampreview\n|inactive|Battle timer is ON: inactive players will automatically lose when time's up. (requested by RST4)\n|\n|t:|1791052244\n|teamsize|p1|6\n|teamsize|p2|6\n|start\n|switch|p1a: Clefable|Clefable, F|100/100\n|switch|p2a: Diggersby|Diggersby, F|100/100\n|turn|1\n|\n|t:|1791052248\n|move|p2a: Diggersby|Earthquake|p1a: Clefable\n|-damage|p1a: Clefable|35/100\n|move|p1a: Clefable|Moonblast|p2a: Diggersby\n|-damage|p2a: Diggersby|20/100\n|\n|upkeep\n|turn|2\n|\n|t:|1791052255\n|switch|p1a: Slowbro|Slowbro, M|100/100\n|move|p2a: Diggersby|Earthquake|p1a: Slowbro\n|-damage|p1a: Slowbro|57/100\n|\n|upkeep\n|turn|3\n|c|\u2606RST4|gl hf\n|c|\u2606Cursedrodent|u2\n|\n|t:|1791052268\n|switch|p2a: Togekiss|Togekiss, F|100/100\n|move|p1a: Slowbro|Scald|p2a: Togekiss\n|-damage|p2a: Togekiss|72/100\n|\n|-heal|p2a: Togekiss|78/100|[from] item: Leftovers\n|upkeep\n|turn|4\n|c|\u2606RST4|ty\n|\n|t:|1791052279\n|switch|p1a: Golurk|Golurk|100/100\n|move|p2a: Togekiss|Air Slash|p1a: Golurk\n|-damage|p1a: Golurk|55/100\n|\n|-heal|p2a: Togekiss|84/100|[from] item: Leftovers\n|upkeep\n|turn|5\n|\n|t:|1791052289\n|move|p2a: Togekiss|Air Slash|p1a: Golurk\n|-damage|p1a: Golurk|11/100\n|cant|p1a: Golurk|flinch\n|\n|-heal|p2a: Togekiss|91/100|[from] item: Leftovers\n|upkeep\n|turn|6\n|\n|t:|1791052297\n|switch|p1a: Bisharp|Bisharp, M|100/100\n|move|p2a: Togekiss|Dazzling Gleam|p1a: Bisharp\n|-damage|p1a: Bisharp|33/100\n|\n|-heal|p2a: Togekiss|97/100|[from] item: Leftovers\n|upkeep\n|turn|7\n|\n|t:|1791052305\n|switch|p2a: Ferrothorn|Ferrothorn, M|100/100\n|move|p1a: Bisharp|Iron Head|p2a: Ferrothorn\n|-resisted|p2a: Ferrothorn\n|-damage|p2a: Ferrothorn|87/100\n|-damage|p1a: Bisharp|20/100|[from] ability: Iron Barbs|[of] p2a: Ferrothorn\n|-damage|p1a: Bisharp|4/100|[from] item: Rocky Helmet|[of] p2a: Ferrothorn\n|\n|upkeep\n|turn|8\n|\n|t:|1791052313\n|switch|p1a: Clefable|Clefable, F|35/100\n|move|p2a: Ferrothorn|Stealth Rock|p1a: Clefable\n|-sidestart|p1: Cursedrodent|move: Stealth Rock\n|\n|upkeep\n|turn|9\n|\n|t:|1791052318\n|move|p1a: Clefable|Flamethrower|p2a: Ferrothorn\n|-supereffective|p2a: Ferrothorn\n|-damage|p2a: Ferrothorn|0 fnt\n|faint|p2a: Ferrothorn\n|\n|upkeep\n|\n|t:|1791052321\n|switch|p2a: Inteleon|Inteleon, M|100/100\n|turn|10\n|\n|t:|1791052327\n|move|p2a: Inteleon|Surf|p1a: Clefable\n|-damage|p1a: Clefable|0 fnt\n|faint|p1a: Clefable\n|-damage|p2a: Inteleon|91/100|[from] item: Life Orb\n|\n|upkeep\n|\n|t:|1791052333\n|switch|p1a: Cradily|Cradily, F|100/100\n|-damage|p1a: Cradily|88/100|[from] Stealth Rock\n|turn|11\n|\n|t:|1791052337\n|move|p2a: Inteleon|Ice Beam|p1a: Cradily\n|-supereffective|p1a: Cradily\n|-damage|p1a: Cradily|17/100\n|-damage|p2a: Inteleon|81/100|[from] item: Life Orb\n|move|p1a: Cradily|Stockpile|p1a: Cradily\n|-start|p1a: Cradily|stockpile1\n|-boost|p1a: Cradily|def|1\n|-boost|p1a: Cradily|spd|1\n|\n|-heal|p1a: Cradily|23/100|[from] item: Leftovers\n|upkeep\n|turn|12\n|\n|t:|1791052343\n|move|p2a: Inteleon|Ice Beam|p1a: Cradily\n|-supereffective|p1a: Cradily\n|-damage|p1a: Cradily|0 fnt\n|faint|p1a: Cradily\n|-damage|p2a: Inteleon|71/100|[from] item: Life Orb\n|\n|upkeep\n|\n|t:|1791052349\n|switch|p1a: Slowbro|Slowbro, M|90/100\n|-damage|p1a: Slowbro|78/100|[from] Stealth Rock\n|turn|13\n|\n|t:|1791052352\n|move|p2a: Inteleon|Dark Pulse|p1a: Slowbro\n|-supereffective|p1a: Slowbro\n|-damage|p1a: Slowbro|0 fnt\n|faint|p1a: Slowbro\n|-damage|p2a: Inteleon|61/100|[from] item: Life Orb\n|\n|upkeep\n|-message|Cursedrodent forfeited.\n|\n|win|RST4\n|raw|Cursedrodent's rating: 1142 &rarr; <strong>1127</strong><br />(-15 for losing)\n|raw|RST4's rating: 1284 &rarr; <strong>1299</strong><br />(+15 for winning)\n|l|\u2606Cursedrodent\n|player|p1|\n", "uploadtime": 1791052363, "views": "4", "formatid": "gen8ou", "rating": 1127, "private": 0, "password": null}