{"id": "gen8ou-2691193731", "format": "[Gen 8] OU", "players": ["chiapanco", "Abdain1"], "log": "|j|\u2606chiapanco\n|j|\u2606Abdain1\n|t:|1790880569\n|gametype|singles\n|player|p1|chiapanco|cynthia-gen4|\n|player|p2|Abdain1|265|\n|gen|8\n|tier|[Gen 8] OU\n|rule|HP Percentage Mod: HP is shown in percentages\n|rule|Endless Battle Clause: Forcing endless battles is banned\n|rule|Sleep Clause Mod: Limit one foe put to sleep\n|rule|Species Clause: Limit one of each Pok\u00e9mon\n|rule|OHKO Clause: OHKO moves are banned\n|rule|Evasion Items Clause: Evasion items are banned\n|rule|Evasion Moves Clause: Evasion moves are banned\n|rule|Dynamax Clause: You cannot dynamax\n|clearpoke\n|poke|p1|Ninetales-Alola, F|\n|poke|p1|Arctozolt|\n|poke|p1|Urshifu-*, F|\n|poke|p1|Landorus-Therian, M|\n|poke|p1|Blacephalon|\n|poke|p1|Heatran, F|\n|poke|p2|Landorus-Therian, M|\n|poke|p2|Heatran, F|\n|poke|p2|Corviknight, M|\n|poke|p2|Slowking, M|\n|poke|p2|Dragapult, M|\n|poke|p2|Weavile, M|\n|teampreview\n|inactive|Battle timer is ON: inactive players will automatically lose when time's up. (requested by Abdain1)\n|\n|t:|1790880596\n|teamsize|p1|6\n|teamsize|p2|6\n|start\n|switch|p1a: Ninetales|Ninetales-Alola, F|100/100\n|switch|p2a: Landorus|Landorus-Therian, M|100/100\n|-weather|Hail|[from] ability: Snow Warning|[of] p1a: Ninetales\n|-ability|p2a: Landorus|Intimidate|boost\n|-unboost|p1a: Ninetales|atk|1\n|turn|1\n|\n|t:|1790880618\n|switch|p1a: Arctozolt|Arctozolt|100/100\n|switch|p2a: Heatran|Heatran, F|100/100\n|\n|-weather|Hail|[upkeep]\n|-damage|p2a: Heatran|94/100|[from] Hail\n|-heal|p2a: Heatran|100/100|[from] item: Leftovers\n|upkeep\n|turn|2\n|\n|t:|1790880633\n|move|p1a: Arctozolt|Stomping Tantrum|p2a: Heatran\n|-supereffective|p2a: Heatran\n|-damage|p2a: Heatran|26/100\n|-damage|p1a: Arctozolt|91/100|[from] item: Life Orb\n|move|p2a: Heatran|Toxic|p1a: Arctozolt\n|-status|p1a: Arctozolt|tox\n|\n|-weather|Hail|[upkeep]\n|-damage|p2a: Heatran|20/100|[from] Hail\n|-heal|p2a: Heatran|26/100|[from] item: Leftovers\n|-damage|p1a: Arctozolt|85/100 tox|[from] psn\n|upkeep\n|turn|3\n|inactive|Abdain1 has 270 seconds left.\n|\n|t:|1790880653\n|switch|p2a: Slowking|Slowking, M|100/100\n|move|p1a: Arctozolt|Bolt Beak|p2a: Slowking\n|-supereffective|p2a: Slowking\n|-damage|p2a: Slowking|0 fnt\n|faint|p2a: Slowking\n|-damage|p1a: Arctozolt|75/100 tox|[from] item: Life Orb\n|\n|-weather|Hail|[upkeep]\n|-damage|p1a: Arctozolt|63/100 tox|[from] psn\n|upkeep\n|inactive|Abdain1 has 270 seconds left.\n|\n|t:|1790880674\n|switch|p2a: Dragapult|Dragapult, M|100/100\n|turn|4\n|\n|t:|1790880684\n|switch|p1a: Ninetales|Ninetales-Alola, F|100/100\n|move|p2a: Dragapult|Flamethrower|p1a: Ninetales\n|-supereffective|p1a: Ninetales\n|-damage|p1a: Ninetales|28/100\n|\n|-weather|Hail|[upkeep]\n|-damage|p2a: Dragapult|95/100|[from] Hail\n|upkeep\n|turn|5\n|inactive|Abdain1 has 270 seconds left.\n|\n|t:|1790880695\n|switch|p1a: Heatran|Heatran, F|100/100\n|-item|p1a: Heatran|Air Balloon\n|move|p2a: Dragapult|Flamethrower|p1a: Heatran\n|-damage|p1a: Heatran|70/100\n|-enditem|p1a: Heatran|Air Balloon\n|\n|-weather|none\n|upkeep\n|turn|6\n|inactive|Abdain1 has 270 seconds left.\n|\n|t:|1790880708\n|switch|p2a: Landorus|Landorus-Therian, M|100/100\n|-ability|p2a: Landorus|Intimidate|boost\n|-unboost|p1a: Heatran|atk|1\n|move|p1a: Heatran|Magma Storm|p2a: Landorus\n|-damage|p2a: Landorus|52/100\n|-activate|p2a: Landorus|move: Magma Storm|[of] p1a: Heatran\n|\n|-heal|p2a: Landorus|58/100|[from] item: Leftovers\n|-damage|p2a: Landorus|46/100|[from] move: Magma Storm|[partiallytrapped]\n|upkeep\n|turn|7\n|inactive|Abdain1 has 270 seconds left.\n|\n|t:|1790880722\n|switch|p1a: D\u00e9m\u00e9t\u00e9ros|Landorus-Therian, M|100/100\n|-ability|p1a: D\u00e9m\u00e9t\u00e9ros|Intimidate|boost\n|-unboost|p2a: Landorus|atk|1\n|move|p2a: Landorus|Stealth Rock|p1a: D\u00e9m\u00e9t\u00e9ros\n|-sidestart|p1: chiapanco|move: Stealth Rock\n|\n|-heal|p2a: Landorus|52/100|[from] item: Leftovers\n|-end|p2a: Landorus|Magma Storm|[partiallytrapped]|[silent]\n|upkeep\n|turn|8\n|inactive|Abdain1 has 270 seconds left.\n|\n|t:|1790880734\n|move|p2a: Landorus|U-turn|p1a: D\u00e9m\u00e9t\u00e9ros\n|-resisted|p1a: D\u00e9m\u00e9t\u00e9ros\n|-damage|p1a: D\u00e9m\u00e9t\u00e9ros|93/100\n|\n|t:|1790880738\n|switch|p2a: Corviknight|Corviknight, M|100/100|[from] U-turn\n|-ability|p2a: Corviknight|Pressure\n|move|p1a: D\u00e9m\u00e9t\u00e9ros|Defog|p2a: Corviknight\n|-unboost|p2a: Corviknight|evasion|1\n|-sideend|p1: chiapanco|Stealth Rock|[from] move: Defog|[of] p1a: D\u00e9m\u00e9t\u00e9ros\n|\n|-heal|p1a: D\u00e9m\u00e9t\u00e9ros|99/100|[from] item: Leftovers\n|upkeep\n|turn|9\n|inactive|Abdain1 has 270 seconds left.\n|\n|t:|1790880757\n|move|p1a: D\u00e9m\u00e9t\u00e9ros|U-turn|p2a: Corviknight\n|-resisted|p2a: Corviknight\n|-damage|p2a: Corviknight|97/100\n|\n|t:|1790880768\n|switch|p1a: Pierroteknik|Blacephalon|100/100|[from] U-turn\n|move|p2a: Corviknight|Body Press|p1a: Pierroteknik\n|-immune|p1a: Pierroteknik\n|\n|-heal|p2a: Corviknight|100/100|[from] item: Leftovers\n|upkeep\n|turn|10\n|inactive|Abdain1 has 270 seconds left.\n|\n|t:|1790880786\n|switch|p2a: Heatran|Heatran, F|26/100\n|move|p1a: Pierroteknik|Shadow Ball|p2a: Heatran\n|-damage|p2a: Heatran|0 fnt\n|faint|p2a: Heatran\n|-ability|p1a: Pierroteknik|Beast Boost|boost\n|-boost|p1a: Pierroteknik|spa|1\n|\n|upkeep\n|inactive|Abdain1 has 270 seconds left.\n|\n|t:|1790880798\n|switch|p2a: Dragapult|Dragapult, M|95/100\n|turn|11\n|inactive|Abdain1 has 270 seconds left.\n|\n|t:|1790880804\n|move|p1a: Pierroteknik|Shadow Ball|p2a: Dragapult\n|-supereffective|p2a: Dragapult\n|-damage|p2a: Dragapult|0 fnt\n|faint|p2a: Dragapult\n|-ability|p1a: Pierroteknik|Beast Boost|boost\n|-boost|p1a: Pierroteknik|spa|1\n|\n|upkeep\n|inactive|Abdain1 has 270 seconds left.\n|\n|t:|1790880814\n|switch|p2a: Weavile|Weavile, M|100/100\n|-ability|p2a: Weavile|Pressure\n|turn|12\n|inactive|Abdain1 has 270 seconds left.\n|\n|t:|1790880826\n|switch|p1a: Heatran|Heatran, F|70/100\n|move|p2a: Weavile|Knock Off|p1a: Heatran\n|-damage|p1a: Heatran|45/100\n|\n|upkeep\n|turn|13\n|inactive|Abdain1 has 270 seconds left.\n|\n|t:|1790880838\n|move|p2a: Weavile|Knock Off|p1a: Heatran\n|-damage|p1a: Heatran|21/100\n|move|p1a: Heatran|Magma Storm|p2a: Weavile\n|-supereffective|p2a: Weavile\n|-damage|p2a: Weavile|0 fnt\n|faint|p2a: Weavile\n|\n|upkeep\n|inactive|Abdain1 has 270 seconds left.\n|\n|t:|1790880846\n|switch|p2a: Landorus|Landorus-Therian, M|52/100\n|-ability|p2a: Landorus|Intimidate|boost\n|-unboost|p1a: Heatran|atk|1\n|turn|14\n|\n|t:|1790880852\n|switch|p1a: Ninetales|Ninetales-Alola, F|28/100\n|-weather|Hail|[from] ability: Snow Warning|[of] p1a: Ninetales\n|move|p2a: Landorus|Toxic|p1a: Ninetales\n|-status|p1a: Ninetales|tox\n|\n|-weather|Hail|[upkeep]\n|-damage|p2a: Landorus|46/100|[from] Hail\n|-heal|p2a: Landorus|52/100|[from] item: Leftovers\n|-damage|p1a: Ninetales|22/100 tox|[from] psn\n|upkeep\n|turn|15\n|\n|t:|1790880865\n|move|p1a: Ninetales|Freeze-Dry|p2a: Landorus\n|-supereffective|p2a: Landorus\n|-damage|p2a: Landorus|0 fnt\n|faint|p2a: Landorus\n|\n|-weather|Hail|[upkeep]\n|-damage|p1a: Ninetales|10/100 tox|[from] psn\n|upkeep\n|\n|t:|1790880873\n|switch|p2a: Corviknight|Corviknight, M|100/100\n|-ability|p2a: Corviknight|Pressure\n|turn|16\n|\n|t:|1790880889\n|switch|p1a: Pierroteknik|Blacephalon|100/100\n|move|p2a: Corviknight|U-turn|p1a: Pierroteknik\n|-resisted|p1a: Pierroteknik\n|-damage|p1a: Pierroteknik|93/100\n|\n|-weather|Hail|[upkeep]\n|-damage|p1a: Pierroteknik|87/100|[from] Hail\n|-damage|p2a: Corviknight|94/100|[from] Hail\n|-heal|p2a: Corviknight|100/100|[from] item: Leftovers\n|upkeep\n|turn|17\n|\n|t:|1790880901\n|move|p1a: Pierroteknik|Overheat|p2a: Corviknight\n|-supereffective|p2a: Corviknight\n|-damage|p2a: Corviknight|0 fnt\n|-unboost|p1a: Pierroteknik|spa|2\n|faint|p2a: Corviknight\n|\n|win|chiapanco\n", "uploadtime": 1790880905, "views": "3", "formatid": "gen8ou", "rating": null, "private": 0, "password": null}