{"id": "gen8ou-2690995133", "format": "[Gen 8] OU", "players": ["CranberryHabits", "ClausETG"], "log": "|j|\u2606CranberryHabits\n|j|\u2606ClausETG\n|t:|1790858870\n|gametype|singles\n|player|p1|CranberryHabits|parasollady|1040\n|player|p2|ClausETG|kimonogirl|1110\n|gen|8\n|tier|[Gen 8] OU\n|rated|\n|rule|HP Percentage Mod: HP is shown in percentages\n|rule|Endless Battle Clause: Forcing endless battles is banned\n|rule|Sleep Clause Mod: Limit one foe put to sleep\n|rule|Species Clause: Limit one of each Pok\u00e9mon\n|rule|OHKO Clause: OHKO moves are banned\n|rule|Evasion Items Clause: Evasion items are banned\n|rule|Evasion Moves Clause: Evasion moves are banned\n|rule|Dynamax Clause: You cannot dynamax\n|clearpoke\n|poke|p1|Ribombee, M|\n|poke|p1|Tapu Bulu|\n|poke|p1|Heatran, M|\n|poke|p1|Darmanitan, F|\n|poke|p1|Corviknight, F|\n|poke|p1|Urshifu-*, F|\n|poke|p2|Ninetales-Alola, M|\n|poke|p2|Rillaboom, M|\n|poke|p2|Xurkitree|\n|poke|p2|Toxapex, F|\n|poke|p2|Landorus-Therian, M|\n|poke|p2|Dragapult, F|\n|teampreview\n|\n|t:|1790858897\n|teamsize|p1|6\n|teamsize|p2|6\n|start\n|switch|p1a: Ribombee|Ribombee, M|100/100\n|switch|p2a: Dragapult|Dragapult, F|100/100\n|turn|1\n|\n|t:|1790858909\n|move|p2a: Dragapult|Shadow Ball|p1a: Ribombee\n|-damage|p1a: Ribombee|22/100\n|move|p1a: Ribombee|Stun Spore|p2a: Dragapult\n|-status|p2a: Dragapult|par\n|\n|upkeep\n|turn|2\n|\n|t:|1790858915\n|move|p1a: Ribombee|Sticky Web|p2a: Dragapult\n|-sidestart|p2: ClausETG|move: Sticky Web\n|move|p2a: Dragapult|Shadow Ball|p1a: Ribombee\n|-damage|p1a: Ribombee|0 fnt\n|faint|p1a: Ribombee\n|\n|upkeep\n|\n|t:|1790858940\n|switch|p1a: Heatran|Heatran, M|100/100\n|turn|3\n|\n|t:|1790858944\n|switch|p2a: Landorus|Landorus-Therian, M|100/100\n|-ability|p2a: Landorus|Intimidate|boost\n|-unboost|p1a: Heatran|atk|1\n|move|p1a: Heatran|Taunt|p2a: Landorus\n|-start|p2a: Landorus|move: Taunt\n|\n|upkeep\n|turn|4\n|\n|t:|1790858957\n|switch|p1a: Tapu Bulu|Tapu Bulu|100/100\n|-fieldstart|move: Grassy Terrain|[from] ability: Grassy Surge|[of] p1a: Tapu Bulu\n|move|p2a: Landorus|Earthquake|p1a: Tapu Bulu\n|-resisted|p1a: Tapu Bulu\n|-damage|p1a: Tapu Bulu|90/100\n|\n|-heal|p1a: Tapu Bulu|96/100|[from] Grassy Terrain\n|-heal|p1a: Tapu Bulu|100/100|[from] item: Leftovers\n|upkeep\n|turn|5\n|\n|t:|1790858970\n|switch|p2a: Toxapex|Toxapex, F|100/100\n|-activate|p2a: Toxapex|move: Sticky Web\n|-unboost|p2a: Toxapex|spe|1\n|move|p1a: Tapu Bulu|Swords Dance|p1a: Tapu Bulu\n|-boost|p1a: Tapu Bulu|atk|2\n|\n|upkeep\n|turn|6\n|\n|t:|1790858980\n|switch|p1a: Heatran|Heatran, M|100/100\n|move|p2a: Toxapex|Toxic|p1a: Heatran\n|-immune|p1a: Heatran\n|\n|upkeep\n|turn|7\n|\n|t:|1790858987\n|move|p1a: Heatran|Taunt|p2a: Toxapex\n|-start|p2a: Toxapex|move: Taunt\n|move|p2a: Toxapex|Scald|p1a: Heatran\n|-supereffective|p1a: Heatran\n|-damage|p1a: Heatran|80/100\n|\n|-heal|p1a: Heatran|86/100|[from] Grassy Terrain\n|-heal|p1a: Heatran|92/100|[from] item: Leftovers\n|upkeep\n|turn|8\n|\n|t:|1790858997\n|move|p1a: Heatran|Magma Storm|p2a: Toxapex\n|-resisted|p2a: Toxapex\n|-damage|p2a: Toxapex|84/100\n|-activate|p2a: Toxapex|move: Magma Storm|[of] p1a: Heatran\n|move|p2a: Toxapex|Scald|p1a: Heatran\n|-supereffective|p1a: Heatran\n|-damage|p1a: Heatran|71/100\n|\n|-heal|p1a: Heatran|78/100|[from] Grassy Terrain\n|-heal|p1a: Heatran|84/100|[from] item: Leftovers\n|-heal|p2a: Toxapex|90/100|[from] Grassy Terrain\n|-heal|p2a: Toxapex|96/100|[from] item: Black Sludge\n|-damage|p2a: Toxapex|84/100|[from] move: Magma Storm|[partiallytrapped]\n|-fieldend|move: Grassy Terrain\n|upkeep\n|turn|9\n|\n|t:|1790859011\n|move|p1a: Heatran|Earth Power|p2a: Toxapex\n|-supereffective|p2a: Toxapex\n|-damage|p2a: Toxapex|41/100\n|move|p2a: Toxapex|Scald|p1a: Heatran\n|-supereffective|p1a: Heatran\n|-damage|p1a: Heatran|64/100\n|\n|-heal|p1a: Heatran|70/100|[from] item: Leftovers\n|-heal|p2a: Toxapex|47/100|[from] item: Black Sludge\n|-damage|p2a: Toxapex|35/100|[from] move: Magma Storm|[partiallytrapped]\n|-end|p2a: Toxapex|move: Taunt\n|upkeep\n|turn|10\n|\n|t:|1790859022\n|move|p1a: Heatran|Taunt|p2a: Toxapex\n|-start|p2a: Toxapex|move: Taunt\n|cant|p2a: Toxapex|move: Taunt|Recover\n|\n|-heal|p1a: Heatran|76/100|[from] item: Leftovers\n|-heal|p2a: Toxapex|41/100|[from] item: Black Sludge\n|-damage|p2a: Toxapex|28/100|[from] move: Magma Storm|[partiallytrapped]\n|upkeep\n|turn|11\n|\n|t:|1790859030\n|move|p1a: Heatran|Earth Power|p2a: Toxapex\n|-supereffective|p2a: Toxapex\n|-damage|p2a: Toxapex|0 fnt\n|faint|p2a: Toxapex\n|\n|-heal|p1a: Heatran|82/100|[from] item: Leftovers\n|upkeep\n|\n|t:|1790859047\n|switch|p2a: Landorus|Landorus-Therian, M|100/100\n|-ability|p2a: Landorus|Intimidate|boost\n|-unboost|p1a: Heatran|atk|1\n|turn|12\n|\n|t:|1790859065\n|move|p2a: Landorus|Stealth Rock|p1a: Heatran\n|-sidestart|p1: CranberryHabits|move: Stealth Rock\n|move|p1a: Heatran|Magma Storm|p2a: Landorus|[miss]\n|-miss|p1a: Heatran|p2a: Landorus\n|\n|-heal|p1a: Heatran|89/100|[from] item: Leftovers\n|upkeep\n|turn|13\n|\n|t:|1790859073\n|switch|p1a: Tapu Bulu|Tapu Bulu|100/100\n|-damage|p1a: Tapu Bulu|88/100|[from] Stealth Rock\n|-fieldstart|move: Grassy Terrain|[from] ability: Grassy Surge|[of] p1a: Tapu Bulu\n|move|p2a: Landorus|Earthquake|p1a: Tapu Bulu\n|-resisted|p1a: Tapu Bulu\n|-damage|p1a: Tapu Bulu|78/100\n|\n|-heal|p1a: Tapu Bulu|84/100|[from] Grassy Terrain\n|-heal|p1a: Tapu Bulu|90/100|[from] item: Leftovers\n|upkeep\n|turn|14\n|\n|t:|1790859094\n|switch|p2a: Rillaboom|Rillaboom, M|100/100\n|-activate|p2a: Rillaboom|move: Sticky Web\n|-unboost|p2a: Rillaboom|spe|1\n|move|p1a: Tapu Bulu|Swords Dance|p1a: Tapu Bulu\n|-boost|p1a: Tapu Bulu|atk|2\n|\n|-heal|p1a: Tapu Bulu|96/100|[from] Grassy Terrain\n|-heal|p1a: Tapu Bulu|100/100|[from] item: Leftovers\n|upkeep\n|turn|15\n|\n|t:|1790859106\n|move|p1a: Tapu Bulu|Superpower|p2a: Rillaboom\n|-damage|p2a: Rillaboom|14/100\n|-unboost|p1a: Tapu Bulu|atk|1\n|-unboost|p1a: Tapu Bulu|def|1\n|move|p2a: Rillaboom|Swords Dance|p2a: Rillaboom\n|-boost|p2a: Rillaboom|atk|2\n|\n|-heal|p2a: Rillaboom|20/100|[from] Grassy Terrain\n|upkeep\n|turn|16\n|\n|t:|1790859115\n|move|p2a: Rillaboom|Grassy Glide|p1a: Tapu Bulu\n|-resisted|p1a: Tapu Bulu\n|-damage|p1a: Tapu Bulu|30/100\n|move|p1a: Tapu Bulu|Horn Leech|p2a: Rillaboom\n|-resisted|p2a: Rillaboom\n|-damage|p2a: Rillaboom|0 fnt\n|-heal|p1a: Tapu Bulu|42/100|[from] drain|[of] p2a: Rillaboom\n|faint|p2a: Rillaboom\n|\n|-heal|p1a: Tapu Bulu|48/100|[from] Grassy Terrain\n|-heal|p1a: Tapu Bulu|54/100|[from] item: Leftovers\n|upkeep\n|\n|t:|1790859127\n|switch|p2a: Dragapult|Dragapult, F|100/100 par\n|-activate|p2a: Dragapult|move: Sticky Web\n|-unboost|p2a: Dragapult|spe|1\n|turn|17\n|\n|t:|1790859139\n|move|p1a: Tapu Bulu|Horn Leech|p2a: Dragapult\n|-resisted|p2a: Dragapult\n|-damage|p2a: Dragapult|40/100 par\n|-heal|p1a: Tapu Bulu|82/100|[from] drain|[of] p2a: Dragapult\n|move|p2a: Dragapult|Shadow Ball|p1a: Tapu Bulu\n|-damage|p1a: Tapu Bulu|25/100\n|\n|-heal|p1a: Tapu Bulu|31/100|[from] Grassy Terrain\n|-heal|p1a: Tapu Bulu|37/100|[from] item: Leftovers\n|-heal|p2a: Dragapult|46/100 par|[from] Grassy Terrain\n|-fieldend|move: Grassy Terrain\n|upkeep\n|turn|18\n|\n|t:|1790859151\n|switch|p2a: Landorus|Landorus-Therian, M|100/100\n|-ability|p2a: Landorus|Intimidate|boost\n|-unboost|p1a: Tapu Bulu|atk|1\n|move|p1a: Tapu Bulu|Horn Leech|p2a: Landorus\n|-damage|p2a: Landorus|62/100\n|-heal|p1a: Tapu Bulu|58/100|[from] drain|[of] p2a: Landorus\n|\n|-heal|p2a: Landorus|68/100|[from] item: Leftovers\n|-heal|p1a: Tapu Bulu|64/100|[from] item: Leftovers\n|upkeep\n|turn|19\n|\n|t:|1790859162\n|switch|p1a: Corviknight|Corviknight, F|100/100\n|-damage|p1a: Corviknight|88/100|[from] Stealth Rock\n|-ability|p1a: Corviknight|Pressure\n|move|p2a: Landorus|Defog|p1a: Corviknight\n|-unboost|p1a: Corviknight|evasion|1\n|-sideend|p1: CranberryHabits|Stealth Rock|[from] move: Defog|[of] p2a: Landorus\n|-sideend|p2: ClausETG|Sticky Web|[from] move: Defog|[of] p2a: Landorus\n|\n|-heal|p2a: Landorus|74/100|[from] item: Leftovers\n|-heal|p1a: Corviknight|94/100|[from] item: Leftovers\n|upkeep\n|turn|20\n|\n|t:|1790859181\n|switch|p2a: Xurkitree|Xurkitree|100/100\n|switch|p1a: Tapu Bulu|Tapu Bulu|64/100\n|-fieldstart|move: Grassy Terrain|[from] ability: Grassy Surge|[of] p1a: Tapu Bulu\n|\n|-heal|p1a: Tapu Bulu|71/100|[from] Grassy Terrain\n|-heal|p1a: Tapu Bulu|77/100|[from] item: Leftovers\n|upkeep\n|turn|21\n|\n|t:|1790859192\n|move|p2a: Xurkitree|Dazzling Gleam|p1a: Tapu Bulu\n|-damage|p1a: Tapu Bulu|41/100\n|move|p1a: Tapu Bulu|Horn Leech|p2a: Xurkitree\n|-damage|p2a: Xurkitree|21/100\n|-heal|p1a: Tapu Bulu|76/100|[from] drain|[of] p2a: Xurkitree\n|\n|-heal|p2a: Xurkitree|27/100|[from] Grassy Terrain\n|-heal|p1a: Tapu Bulu|82/100|[from] Grassy Terrain\n|-heal|p1a: Tapu Bulu|89/100|[from] item: Leftovers\n|upkeep\n|turn|22\n|\n|t:|1790859203\n|switch|p2a: Ninetales|Ninetales-Alola, M|100/100\n|-weather|Hail|[from] ability: Snow Warning|[of] p2a: Ninetales\n|move|p1a: Tapu Bulu|Swords Dance|p1a: Tapu Bulu\n|-boost|p1a: Tapu Bulu|atk|2\n|\n|-weather|Hail|[upkeep]\n|-damage|p1a: Tapu Bulu|82/100|[from] Hail\n|-heal|p1a: Tapu Bulu|89/100|[from] Grassy Terrain\n|-heal|p1a: Tapu Bulu|95/100|[from] item: Leftovers\n|upkeep\n|turn|23\n|\n|t:|1790859213\n|switch|p1a: Heatran|Heatran, M|89/100\n|move|p2a: Ninetales|Aurora Veil|p2a: Ninetales\n|-sidestart|p2: ClausETG|move: Aurora Veil\n|\n|-weather|Hail|[upkeep]\n|-damage|p1a: Heatran|82/100|[from] Hail\n|-heal|p1a: Heatran|89/100|[from] Grassy Terrain\n|-heal|p1a: Heatran|95/100|[from] item: Leftovers\n|upkeep\n|turn|24\n|\n|t:|1790859221\n|switch|p2a: Landorus|Landorus-Therian, M|74/100\n|-ability|p2a: Landorus|Intimidate|boost\n|-unboost|p1a: Heatran|atk|1\n|move|p1a: Heatran|Magma Storm|p2a: Landorus\n|-damage|p2a: Landorus|52/100\n|-activate|p2a: Landorus|move: Magma Storm|[of] p1a: Heatran\n|\n|-weather|Hail|[upkeep]\n|-damage|p2a: Landorus|46/100|[from] Hail\n|-damage|p1a: Heatran|89/100|[from] Hail\n|-heal|p2a: Landorus|52/100|[from] item: Leftovers\n|-heal|p1a: Heatran|95/100|[from] Grassy Terrain\n|-heal|p1a: Heatran|100/100|[from] item: Leftovers\n|-damage|p2a: Landorus|40/100|[from] move: Magma Storm|[partiallytrapped]\n|-fieldend|move: Grassy Terrain\n|upkeep\n|turn|25\n|\n|t:|1790859240\n|move|p1a: Heatran|Protect|p1a: Heatran\n|-singleturn|p1a: Heatran|Protect\n|move|p2a: Landorus|Earthquake|p1a: Heatran\n|-activate|p1a: Heatran|move: Protect\n|\n|-weather|Hail|[upkeep]\n|-damage|p2a: Landorus|34/100|[from] Hail\n|-damage|p1a: Heatran|94/100|[from] Hail\n|-heal|p2a: Landorus|40/100|[from] item: Leftovers\n|-heal|p1a: Heatran|100/100|[from] item: Leftovers\n|-damage|p2a: Landorus|27/100|[from] move: Magma Storm|[partiallytrapped]\n|upkeep\n|turn|26\n|\n|t:|1790859252\n|switch|p1a: Corviknight|Corviknight, F|94/100\n|-ability|p1a: Corviknight|Pressure\n|move|p2a: Landorus|Stealth Rock|p1a: Corviknight\n|-sidestart|p1: CranberryHabits|move: Stealth Rock\n|\n|-weather|none\n|-heal|p2a: Landorus|33/100|[from] item: Leftovers\n|-heal|p1a: Corviknight|100/100|[from] item: Leftovers\n|-end|p2a: Landorus|Magma Storm|[partiallytrapped]|[silent]\n|upkeep\n|turn|27\n|\n|t:|1790859272\n|switch|p2a: Dragapult|Dragapult, F|46/100 par\n|move|p1a: Corviknight|Defog|p2a: Dragapult\n|-unboost|p2a: Dragapult|evasion|1\n|-sideend|p2: ClausETG|move: Aurora Veil\n|-sideend|p1: CranberryHabits|Stealth Rock|[from] move: Defog|[of] p1a: Corviknight\n|\n|upkeep\n|turn|28\n|\n|t:|1790859279\n|switch|p1a: Heatran|Heatran, M|100/100\n|move|p2a: Dragapult|Flamethrower|p1a: Heatran\n|-start|p1a: Heatran|ability: Flash Fire\n|\n|upkeep\n|turn|29\n|-message|ClausETG forfeited.\n|\n|win|CranberryHabits\n|raw|CranberryHabits's rating: 1040 &rarr; <strong>1081</strong><br />(+41 for winning)\n|raw|ClausETG's rating: 1110 &rarr; <strong>1080</strong><br />(-30 for losing)\n|c|\u2606CranberryHabits|gg!\n|c|\u2606ClausETG|thx\n|c|\u2606ClausETG|gg\n", "uploadtime": 1790859297, "views": "1", "formatid": "gen8ou", "rating": 1080, "private": 0, "password": null}