{"id": "gen8ou-2693211263", "format": "[Gen 8] OU", "players": ["Herv The One", "Lesqueegee"], "log": "|j|\u2606Herv The One\n|j|\u203dLesqueegee\n|t:|1791210033\n|gametype|singles\n|player|p1|Herv The One|lucas|1490\n|player|p2|Lesqueegee|bianca|1224\n|gen|8\n|tier|[Gen 8] OU\n|rated|\n|rule|HP Percentage Mod: HP is shown in percentages\n|rule|Endless Battle Clause: Forcing endless battles is banned\n|rule|Sleep Clause Mod: Limit one foe put to sleep\n|rule|Species Clause: Limit one of each Pok\u00e9mon\n|rule|OHKO Clause: OHKO moves are banned\n|rule|Evasion Items Clause: Evasion items are banned\n|rule|Evasion Moves Clause: Evasion moves are banned\n|rule|Dynamax Clause: You cannot dynamax\n|clearpoke\n|poke|p1|Dragapult, M|\n|poke|p1|Blacephalon|\n|poke|p1|Kartana|\n|poke|p1|Landorus-Therian, M|\n|poke|p1|Dragonite, M|\n|poke|p1|Tapu Fini|\n|poke|p2|Ferrothorn, F|\n|poke|p2|Landorus-Therian, M|\n|poke|p2|Melmetal|\n|poke|p2|Regieleki|\n|poke|p2|Weavile, M|\n|poke|p2|Zapdos-Galar|\n|teampreview\n|inactive|Battle timer is ON: inactive players will automatically lose when time's up. (requested by Lesqueegee)\n|\n|t:|1791210055\n|teamsize|p1|6\n|teamsize|p2|6\n|start\n|switch|p1a: Dragapult|Dragapult, M|100/100\n|switch|p2a: Zapdos|Zapdos-Galar|100/100\n|turn|1\n|\n|t:|1791210061\n|move|p1a: Dragapult|Flamethrower|p2a: Zapdos\n|-damage|p2a: Zapdos|58/100\n|-status|p2a: Zapdos|brn\n|move|p2a: Zapdos|Brave Bird|p1a: Dragapult\n|-damage|p1a: Dragapult|29/100\n|-damage|p2a: Zapdos|34/100 brn|[from] Recoil\n|\n|-damage|p2a: Zapdos|28/100 brn|[from] brn\n|upkeep\n|turn|2\n|\n|t:|1791210069\n|switch|p2a: Landorus|Landorus-Therian, M|100/100\n|-ability|p2a: Landorus|Intimidate|boost\n|-unboost|p1a: Dragapult|atk|1\n|move|p1a: Dragapult|Flamethrower|p2a: Landorus\n|-damage|p2a: Landorus|71/100\n|-status|p2a: Landorus|brn\n|\n|-heal|p2a: Landorus|77/100 brn|[from] item: Leftovers\n|-damage|p2a: Landorus|71/100 brn|[from] brn\n|upkeep\n|turn|3\n|\n|t:|1791210078\n|switch|p1a: Landorus|Landorus-Therian, M|100/100\n|-ability|p1a: Landorus|Intimidate|boost\n|-unboost|p2a: Landorus|atk|1\n|move|p2a: Landorus|Stealth Rock|p1a: Landorus\n|-sidestart|p1: Herv The One|move: Stealth Rock\n|\n|-heal|p2a: Landorus|77/100 brn|[from] item: Leftovers\n|-damage|p2a: Landorus|71/100 brn|[from] brn\n|upkeep\n|turn|4\n|\n|t:|1791210082\n|move|p1a: Landorus|Stealth Rock|p2a: Landorus\n|-sidestart|p2: Lesqueegee|move: Stealth Rock\n|move|p2a: Landorus|Toxic|p1a: Landorus\n|-status|p1a: Landorus|tox\n|\n|-heal|p2a: Landorus|77/100 brn|[from] item: Leftovers\n|-damage|p1a: Landorus|94/100 tox|[from] psn\n|-damage|p2a: Landorus|71/100 brn|[from] brn\n|upkeep\n|turn|5\n|\n|t:|1791210085\n|move|p1a: Landorus|Knock Off|p2a: Landorus\n|-damage|p2a: Landorus|34/100 brn\n|-enditem|p2a: Landorus|Leftovers|[from] move: Knock Off|[of] p1a: Landorus\n|move|p2a: Landorus|U-turn|p1a: Landorus\n|-resisted|p1a: Landorus\n|-damage|p1a: Landorus|90/100 tox\n|\n|t:|1791210088\n|switch|p2a: Zapdos|Zapdos-Galar|28/100 brn|[from] U-turn\n|-damage|p2a: Zapdos|16/100 brn|[from] Stealth Rock\n|\n|-damage|p1a: Landorus|78/100 tox|[from] psn\n|-damage|p2a: Zapdos|10/100 brn|[from] brn\n|upkeep\n|turn|6\n|\n|t:|1791210098\n|switch|p1a: Tapu Fini|Tapu Fini|100/100\n|-damage|p1a: Tapu Fini|88/100|[from] Stealth Rock\n|-fieldstart|move: Misty Terrain|[from] ability: Misty Surge|[of] p1a: Tapu Fini\n|move|p2a: Zapdos|Brave Bird|p1a: Tapu Fini\n|-damage|p1a: Tapu Fini|55/100\n|-damage|p2a: Zapdos|0 fnt|[from] item: Rocky Helmet|[of] p1a: Tapu Fini\n|faint|p2a: Zapdos\n|\n|upkeep\n|\n|t:|1791210102\n|switch|p2a: Regieleki|Regieleki|100/100\n|turn|7\n|\n|t:|1791210109\n|move|p2a: Regieleki|Thunderbolt|p1a: Tapu Fini\n|-supereffective|p1a: Tapu Fini\n|-damage|p1a: Tapu Fini|0 fnt\n|faint|p1a: Tapu Fini\n|\n|upkeep\n|\n|t:|1791210112\n|switch|p1a: Landorus|Landorus-Therian, M|78/100 tox\n|-damage|p1a: Landorus|65/100 tox|[from] Stealth Rock\n|-ability|p1a: Landorus|Intimidate|boost\n|-unboost|p2a: Regieleki|atk|1\n|turn|8\n|\n|t:|1791210118\n|switch|p2a: Ferrothorn|Ferrothorn, F|100/100\n|-damage|p2a: Ferrothorn|94/100|[from] Stealth Rock\n|switch|p1a: Dragapult|Dragapult, M|29/100\n|-damage|p1a: Dragapult|17/100|[from] Stealth Rock\n|\n|-heal|p2a: Ferrothorn|100/100|[from] item: Leftovers\n|upkeep\n|turn|9\n|\n|t:|1791210122\n|switch|p2a: Landorus|Landorus-Therian, M|34/100 brn\n|-damage|p2a: Landorus|21/100 brn|[from] Stealth Rock\n|-ability|p2a: Landorus|Intimidate|boost\n|-unboost|p1a: Dragapult|atk|1\n|move|p1a: Dragapult|Flamethrower|p2a: Landorus\n|-damage|p2a: Landorus|0 fnt\n|faint|p2a: Landorus\n|\n|upkeep\n|\n|t:|1791210124\n|switch|p2a: Weavile|Weavile, M|100/100\n|-ability|p2a: Weavile|Pressure\n|turn|10\n|\n|t:|1791210128\n|switch|p1a: Kartana|Kartana|100/100\n|-damage|p1a: Kartana|94/100|[from] Stealth Rock\n|move|p2a: Weavile|Ice Shard|p1a: Kartana\n|-damage|p1a: Kartana|72/100\n|\n|-fieldend|Misty Terrain\n|upkeep\n|turn|11\n|\n|t:|1791210133\n|switch|p2a: Ferrothorn|Ferrothorn, F|100/100\n|-damage|p2a: Ferrothorn|94/100|[from] Stealth Rock\n|move|p1a: Kartana|Sacred Sword|p2a: Ferrothorn\n|-supereffective|p2a: Ferrothorn\n|-damage|p2a: Ferrothorn|21/100\n|-damage|p1a: Kartana|60/100|[from] ability: Iron Barbs|[of] p2a: Ferrothorn\n|\n|-heal|p2a: Ferrothorn|27/100|[from] item: Leftovers\n|upkeep\n|turn|12\n|\n|t:|1791210142\n|move|p1a: Kartana|Sacred Sword|p2a: Ferrothorn\n|-supereffective|p2a: Ferrothorn\n|-damage|p2a: Ferrothorn|0 fnt\n|-damage|p1a: Kartana|47/100|[from] ability: Iron Barbs|[of] p2a: Ferrothorn\n|faint|p2a: Ferrothorn\n|-ability|p1a: Kartana|Beast Boost|boost\n|-boost|p1a: Kartana|atk|1\n|\n|upkeep\n|\n|t:|1791210144\n|switch|p2a: Regieleki|Regieleki|100/100\n|turn|13\n|\n|t:|1791210155\n|switch|p1a: Landorus|Landorus-Therian, M|65/100 tox\n|-damage|p1a: Landorus|53/100 tox|[from] Stealth Rock\n|-ability|p1a: Landorus|Intimidate|boost\n|-unboost|p2a: Regieleki|atk|1\n|move|p2a: Regieleki|Thunderbolt|p1a: Landorus\n|-immune|p1a: Landorus\n|\n|-damage|p1a: Landorus|47/100 tox|[from] psn\n|upkeep\n|turn|14\n|inactive|Herv The One has 120 seconds left.\n|\n|t:|1791210197\n|switch|p2a: Melmetal|Melmetal|100/100\n|-damage|p2a: Melmetal|94/100|[from] Stealth Rock\n|move|p1a: Landorus|Earthquake|p2a: Melmetal\n|-supereffective|p2a: Melmetal\n|-damage|p2a: Melmetal|30/100\n|\n|-damage|p1a: Landorus|35/100 tox|[from] psn\n|upkeep\n|turn|15\n|\n|t:|1791210215\n|switch|p1a: Dragapult|Dragapult, M|17/100\n|-damage|p1a: Dragapult|5/100|[from] Stealth Rock\n|move|p2a: Melmetal|Earthquake|p1a: Dragapult\n|-damage|p1a: Dragapult|0 fnt\n|faint|p1a: Dragapult\n|\n|upkeep\n|\n|t:|1791210221\n|switch|p1a: Kartana|Kartana|47/100\n|-damage|p1a: Kartana|41/100|[from] Stealth Rock\n|turn|16\n|\n|t:|1791210224\n|move|p1a: Kartana|Sacred Sword|p2a: Melmetal\n|-supereffective|p2a: Melmetal\n|-damage|p2a: Melmetal|0 fnt\n|faint|p2a: Melmetal\n|-ability|p1a: Kartana|Beast Boost|boost\n|-boost|p1a: Kartana|atk|1\n|\n|upkeep\n|\n|t:|1791210226\n|switch|p2a: Regieleki|Regieleki|100/100\n|turn|17\n|\n|t:|1791210231\n|move|p2a: Regieleki|Thunderbolt|p1a: Kartana\n|-resisted|p1a: Kartana\n|-crit|p1a: Kartana\n|-damage|p1a: Kartana|0 fnt\n|faint|p1a: Kartana\n|\n|upkeep\n|\n|t:|1791210234\n|switch|p1a: Landorus|Landorus-Therian, M|35/100 tox\n|-damage|p1a: Landorus|23/100 tox|[from] Stealth Rock\n|-ability|p1a: Landorus|Intimidate|boost\n|-unboost|p2a: Regieleki|atk|1\n|turn|18\n|\n|t:|1791210239\n|move|p2a: Regieleki|Ancient Power|p1a: Landorus\n|-damage|p1a: Landorus|0 fnt\n|-boost|p2a: Regieleki|atk|1\n|-boost|p2a: Regieleki|def|1\n|-boost|p2a: Regieleki|spa|1\n|-boost|p2a: Regieleki|spd|1\n|-boost|p2a: Regieleki|spe|1\n|faint|p1a: Landorus\n|\n|upkeep\n|\n|t:|1791210247\n|switch|p1a: Dragonite|Dragonite, M|100/100\n|turn|19\n|\n|t:|1791210252\n|move|p2a: Regieleki|Thunderbolt|p1a: Dragonite\n|-damage|p1a: Dragonite|51/100\n|move|p1a: Dragonite|Earthquake|p2a: Regieleki\n|-supereffective|p2a: Regieleki\n|-damage|p2a: Regieleki|6/100\n|\n|upkeep\n|turn|20\n|-message|Herv The One forfeited.\n|\n|win|Lesqueegee\n|raw|Herv The One's rating: 1490 &rarr; <strong>1457</strong><br />(-33 for losing)\n|raw|Lesqueegee's rating: 1224 &rarr; <strong>1265</strong><br />(+41 for winning)\n|l|\u2606Herv The One\n|player|p1|\n", "uploadtime": 1791210265, "views": "21", "formatid": "gen8ou", "rating": 1265, "private": 0, "password": null}