{"id": "gen8ou-2688780010", "format": "[Gen 8] OU", "players": ["Albret", "Nowelle"], "log": "|j|\u2606Albret\n|j|\u2606Nowelle\n|t:|1790532657\n|gametype|singles\n|player|p1|Albret|preschoolerf|\n|player|p2|Nowelle|#fcl14guardians|\n|gen|8\n|tier|[Gen 8] OU\n|rule|HP Percentage Mod: HP is shown in percentages\n|rule|Endless Battle Clause: Forcing endless battles is banned\n|rule|Sleep Clause Mod: Limit one foe put to sleep\n|rule|Species Clause: Limit one of each Pok\u00e9mon\n|rule|OHKO Clause: OHKO moves are banned\n|rule|Evasion Items Clause: Evasion items are banned\n|rule|Evasion Moves Clause: Evasion moves are banned\n|rule|Dynamax Clause: You cannot dynamax\n|clearpoke\n|poke|p1|Landorus-Therian, M|\n|poke|p1|Rillaboom, F|\n|poke|p1|Tapu Lele|\n|poke|p1|Melmetal|\n|poke|p1|Urshifu-*, F|\n|poke|p1|Blaziken, F|\n|poke|p2|Tapu Lele|\n|poke|p2|Heatran, M|\n|poke|p2|Landorus-Therian, M|\n|poke|p2|Tapu Fini|\n|poke|p2|Weavile, M|\n|poke|p2|Dragonite, F|\n|teampreview\n|inactive|Battle timer is ON: inactive players will automatically lose when time's up. (requested by Nowelle)\n|c|\u2606Nowelle|hf\n|c|\u2606Albret|hf\n|inactive|Albret has 270 seconds left.\n|inactive|Nowelle has 270 seconds left.\n|\n|t:|1790532715\n|teamsize|p1|6\n|teamsize|p2|6\n|start\n|switch|p1a: Urshifu|Urshifu-Rapid-Strike, F|100/100\n|switch|p2a: RUMBLING|Landorus-Therian, M|100/100\n|-ability|p2a: RUMBLING|Intimidate|boost\n|-unboost|p1a: Urshifu|atk|1\n|turn|1\n|\n|t:|1790532733\n|switch|p2a: 2022 SHAKE|Tapu Fini|100/100\n|-fieldstart|move: Misty Terrain|[from] ability: Misty Surge|[of] p2a: 2022 SHAKE\n|move|p1a: Urshifu|Surging Strikes|p2a: 2022 SHAKE\n|-resisted|p2a: 2022 SHAKE\n|-crit|p2a: 2022 SHAKE\n|-damage|p2a: 2022 SHAKE|87/100\n|-resisted|p2a: 2022 SHAKE\n|-crit|p2a: 2022 SHAKE\n|-damage|p2a: 2022 SHAKE|73/100\n|-resisted|p2a: 2022 SHAKE\n|-crit|p2a: 2022 SHAKE\n|-damage|p2a: 2022 SHAKE|59/100\n|-hitcount|p2a: 2022 SHAKE|3\n|\n|upkeep\n|turn|2\n|\n|t:|1790532748\n|switch|p2a: JOGOU|Heatran, M|100/100\n|-item|p2a: JOGOU|Air Balloon\n|switch|p1a: Melmetal|Melmetal|100/100\n|\n|upkeep\n|turn|3\n|\n|t:|1790532763\n|move|p2a: JOGOU|Stealth Rock|p1a: Melmetal\n|-sidestart|p1: Albret|move: Stealth Rock\n|move|p1a: Melmetal|Superpower|p2a: JOGOU\n|-supereffective|p2a: JOGOU\n|-damage|p2a: JOGOU|27/100\n|-unboost|p1a: Melmetal|atk|1\n|-unboost|p1a: Melmetal|def|1\n|-enditem|p2a: JOGOU|Air Balloon\n|\n|upkeep\n|turn|4\n|\n|t:|1790532778\n|switch|p1a: Urshifu|Urshifu-Rapid-Strike, F|100/100\n|-damage|p1a: Urshifu|94/100|[from] Stealth Rock\n|move|p2a: JOGOU|Magma Storm|p1a: Urshifu\n|-resisted|p1a: Urshifu\n|-damage|p1a: Urshifu|61/100\n|-activate|p1a: Urshifu|move: Magma Storm|[of] p2a: JOGOU\n|\n|-damage|p1a: Urshifu|49/100|[from] move: Magma Storm|[partiallytrapped]\n|upkeep\n|turn|5\n|\n|t:|1790532784\n|switch|p2a: 2022 SHAKE|Tapu Fini|59/100\n|move|p1a: Urshifu|Surging Strikes|p2a: 2022 SHAKE\n|-resisted|p2a: 2022 SHAKE\n|-crit|p2a: 2022 SHAKE\n|-damage|p2a: 2022 SHAKE|45/100\n|-resisted|p2a: 2022 SHAKE\n|-crit|p2a: 2022 SHAKE\n|-damage|p2a: 2022 SHAKE|31/100\n|-resisted|p2a: 2022 SHAKE\n|-crit|p2a: 2022 SHAKE\n|-damage|p2a: 2022 SHAKE|18/100\n|-hitcount|p2a: 2022 SHAKE|3\n|\n|-end|p1a: Urshifu|Magma Storm|[partiallytrapped]|[silent]\n|-fieldend|Misty Terrain\n|upkeep\n|turn|6\n|\n|t:|1790532791\n|switch|p1a: Melmetal|Melmetal|100/100\n|-damage|p1a: Melmetal|94/100|[from] Stealth Rock\n|move|p2a: 2022 SHAKE|Moonblast|p1a: Melmetal\n|-resisted|p1a: Melmetal\n|-damage|p1a: Melmetal|84/100\n|\n|upkeep\n|turn|7\n|\n|t:|1790532797\n|switch|p2a: RUMBLING|Landorus-Therian, M|100/100\n|-ability|p2a: RUMBLING|Intimidate|boost\n|-unboost|p1a: Melmetal|atk|1\n|move|p1a: Melmetal|Ice Punch|p2a: RUMBLING\n|-supereffective|p2a: RUMBLING\n|-damage|p2a: RUMBLING|7/100\n|\n|-heal|p2a: RUMBLING|13/100|[from] item: Leftovers\n|upkeep\n|turn|8\n|\n|t:|1790532808\n|move|p2a: RUMBLING|U-turn|p1a: Melmetal\n|-resisted|p1a: Melmetal\n|-damage|p1a: Melmetal|77/100\n|\n|t:|1790532813\n|switch|p2a: JOGOU|Heatran, M|27/100|[from] U-turn\n|move|p1a: Melmetal|Double Iron Bash|p2a: JOGOU\n|-resisted|p2a: JOGOU\n|-damage|p2a: JOGOU|21/100\n|-resisted|p2a: JOGOU\n|-damage|p2a: JOGOU|16/100\n|-hitcount|p2a: JOGOU|2\n|\n|upkeep\n|turn|9\n|inactive|Albret has 270 seconds left.\n|\n|t:|1790532844\n|switch|p2a: GUCCI MANE 2006|Weavile, M|100/100\n|-ability|p2a: GUCCI MANE 2006|Pressure\n|switch|p1a: Blaziken|Blaziken, F|100/100\n|-damage|p1a: Blaziken|88/100|[from] Stealth Rock\n|\n|upkeep\n|turn|10\n|\n|t:|1790532852\n|switch|p2a: BOUGHT A BIG K|Dragonite, F|100/100\n|move|p1a: Blaziken|Flare Blitz|p2a: BOUGHT A BIG K\n|-resisted|p2a: BOUGHT A BIG K\n|-damage|p2a: BOUGHT A BIG K|78/100\n|-damage|p1a: Blaziken|80/100|[from] Recoil\n|-damage|p1a: Blaziken|70/100|[from] item: Life Orb\n|\n|-ability|p1a: Blaziken|Speed Boost|boost\n|-boost|p1a: Blaziken|spe|1\n|upkeep\n|turn|11\n|inactive|Albret has 270 seconds left.\n|\n|t:|1790532874\n|switch|p1a: Tapu Lele|Tapu Lele|100/100\n|-damage|p1a: Tapu Lele|88/100|[from] Stealth Rock\n|-fieldstart|move: Psychic Terrain|[from] ability: Psychic Surge|[of] p1a: Tapu Lele\n|move|p2a: BOUGHT A BIG K|Dragon Dance|p2a: BOUGHT A BIG K\n|-boost|p2a: BOUGHT A BIG K|atk|1\n|-boost|p2a: BOUGHT A BIG K|spe|1\n|\n|upkeep\n|turn|12\n|\n|t:|1790532890\n|switch|p2a: RUMBLING|Landorus-Therian, M|13/100\n|-ability|p2a: RUMBLING|Intimidate|boost\n|-unboost|p1a: Tapu Lele|atk|1\n|move|p1a: Tapu Lele|Moonblast|p2a: RUMBLING\n|-damage|p2a: RUMBLING|0 fnt\n|faint|p2a: RUMBLING\n|\n|upkeep\n|\n|t:|1790532893\n|switch|p2a: Asuna|Tapu Lele|100/100\n|turn|13\n|\n|t:|1790532908\n|switch|p1a: Melmetal|Melmetal|77/100\n|-damage|p1a: Melmetal|71/100|[from] Stealth Rock\n|move|p2a: Asuna|Moonblast|p1a: Melmetal\n|-resisted|p1a: Melmetal\n|-damage|p1a: Melmetal|45/100\n|\n|upkeep\n|turn|14\n|\n|t:|1790532920\n|switch|p2a: JOGOU|Heatran, M|16/100\n|move|p1a: Melmetal|Thunder Punch|p2a: JOGOU\n|-damage|p2a: JOGOU|0 fnt\n|faint|p2a: JOGOU\n|\n|upkeep\n|\n|t:|1790532927\n|switch|p2a: BOUGHT A BIG K|Dragonite, F|78/100\n|turn|15\n|\n|t:|1790532933\n|switch|p1a: Landorus|Landorus-Therian, M|100/100\n|-damage|p1a: Landorus|88/100|[from] Stealth Rock\n|-ability|p1a: Landorus|Intimidate|boost\n|-unboost|p2a: BOUGHT A BIG K|atk|1\n|move|p2a: BOUGHT A BIG K|Superpower|p1a: Landorus\n|-resisted|p1a: Landorus\n|-damage|p1a: Landorus|70/100\n|-unboost|p2a: BOUGHT A BIG K|atk|1\n|-unboost|p2a: BOUGHT A BIG K|def|1\n|\n|-fieldend|move: Psychic Terrain\n|upkeep\n|turn|16\n|\n|t:|1790532943\n|move|p2a: BOUGHT A BIG K|Ice Punch|p1a: Landorus\n|-supereffective|p1a: Landorus\n|-damage|p1a: Landorus|6/100\n|move|p1a: Landorus|Stone Edge|p2a: BOUGHT A BIG K\n|-supereffective|p2a: BOUGHT A BIG K\n|-crit|p2a: BOUGHT A BIG K\n|-damage|p2a: BOUGHT A BIG K|0 fnt\n|faint|p2a: BOUGHT A BIG K\n|\n|upkeep\n|\n|t:|1790532952\n|switch|p2a: GUCCI MANE 2006|Weavile, M|100/100\n|-ability|p2a: GUCCI MANE 2006|Pressure\n|turn|17\n|\n|t:|1790532957\n|move|p2a: GUCCI MANE 2006|Knock Off|p1a: Landorus\n|-damage|p1a: Landorus|0 fnt\n|-enditem|p1a: Landorus|Soft Sand|[from] move: Knock Off|[of] p2a: GUCCI MANE 2006\n|faint|p1a: Landorus\n|\n|upkeep\n|\n|t:|1790532967\n|switch|p1a: Tapu Lele|Tapu Lele|88/100\n|-damage|p1a: Tapu Lele|76/100|[from] Stealth Rock\n|-fieldstart|move: Psychic Terrain|[from] ability: Psychic Surge|[of] p1a: Tapu Lele\n|turn|18\n|\n|t:|1790532975\n|move|p1a: Tapu Lele|Moonblast|p2a: GUCCI MANE 2006\n|-supereffective|p2a: GUCCI MANE 2006\n|-damage|p2a: GUCCI MANE 2006|0 fnt\n|faint|p2a: GUCCI MANE 2006\n|\n|upkeep\n|\n|t:|1790532978\n|switch|p2a: Asuna|Tapu Lele|100/100\n|turn|19\n|\n|t:|1790532984\n|move|p1a: Tapu Lele|Moonblast|p2a: Asuna\n|-damage|p2a: Asuna|40/100\n|move|p2a: Asuna|Moonblast|p1a: Tapu Lele\n|-damage|p1a: Tapu Lele|0 fnt\n|faint|p1a: Tapu Lele\n|\n|upkeep\n|\n|t:|1790532992\n|switch|p1a: Urshifu|Urshifu-Rapid-Strike, F|49/100\n|-damage|p1a: Urshifu|42/100|[from] Stealth Rock\n|turn|20\n|\n|t:|1790532998\n|move|p1a: Urshifu|Surging Strikes|p2a: Asuna\n|-crit|p2a: Asuna\n|-damage|p2a: Asuna|0 fnt\n|faint|p2a: Asuna\n|-hitcount|p2: Asuna|1\n|\n|upkeep\n|\n|t:|1790533002\n|switch|p2a: 2022 SHAKE|Tapu Fini|18/100\n|-fieldstart|move: Misty Terrain|[from] ability: Misty Surge|[of] p2a: 2022 SHAKE\n|turn|21\n|\n|t:|1790533005\n|move|p2a: 2022 SHAKE|Moonblast|p1a: Urshifu\n|-supereffective|p1a: Urshifu\n|-damage|p1a: Urshifu|0 fnt\n|faint|p1a: Urshifu\n|\n|upkeep\n|\n|t:|1790533010\n|switch|p1a: Rillaboom|Rillaboom, F|100/100\n|-damage|p1a: Rillaboom|88/100|[from] Stealth Rock\n|-fieldstart|move: Grassy Terrain|[from] ability: Grassy Surge|[of] p1a: Rillaboom\n|turn|22\n|\n|t:|1790533013\n|move|p1a: Rillaboom|Grassy Glide|p2a: 2022 SHAKE\n|-supereffective|p2a: 2022 SHAKE\n|-damage|p2a: 2022 SHAKE|0 fnt\n|faint|p2a: 2022 SHAKE\n|\n|win|Albret\n|c|\u2606Nowelle|gg\n|c|\u2606Albret|gg\n|l|\u2606Nowelle\n|player|p2|\n|l|\u2606Albret\n|player|p1|\n|j|\u2606Nowelle\n|player|p2|Nowelle|#fcl14guardians|\n", "uploadtime": 1790533019, "views": "40", "formatid": "gen8ou", "rating": null, "private": 0, "password": null}