{"id": "gen8ou-2690074231", "format": "[Gen 8] OU", "players": ["GrunkleConn", "ClausETG"], "log": "|j|\u2606GrunkleConn\n|j|\u2606ClausETG\n|t:|1790718790\n|gametype|singles\n|player|p1|GrunkleConn|riley|1239\n|player|p2|ClausETG|kimonogirl|1111\n|gen|8\n|tier|[Gen 8] OU\n|rated|\n|rule|HP Percentage Mod: HP is shown in percentages\n|rule|Endless Battle Clause: Forcing endless battles is banned\n|rule|Sleep Clause Mod: Limit one foe put to sleep\n|rule|Species Clause: Limit one of each Pok\u00e9mon\n|rule|OHKO Clause: OHKO moves are banned\n|rule|Evasion Items Clause: Evasion items are banned\n|rule|Evasion Moves Clause: Evasion moves are banned\n|rule|Dynamax Clause: You cannot dynamax\n|clearpoke\n|poke|p1|Dragapult, M|\n|poke|p1|Tornadus-Therian, M|\n|poke|p1|Tapu Fini|\n|poke|p1|Garchomp, F|\n|poke|p1|Heatran, M|\n|poke|p1|Zeraora|\n|poke|p2|Celesteela|\n|poke|p2|Rillaboom, F|\n|poke|p2|Corviknight, F|\n|poke|p2|Toxapex, F|\n|poke|p2|Landorus-Therian, M|\n|poke|p2|Dragapult, M|\n|teampreview\n|\n|t:|1790718811\n|teamsize|p1|6\n|teamsize|p2|6\n|start\n|switch|p1a: Heatran|Heatran, M|100/100\n|switch|p2a: Landorus|Landorus-Therian, M|100/100\n|-ability|p2a: Landorus|Intimidate|boost\n|-unboost|p1a: Heatran|atk|1\n|-item|p1a: Heatran|Air Balloon\n|turn|1\n|\n|t:|1790718820\n|move|p2a: Landorus|Stealth Rock|p1a: Heatran\n|-sidestart|p1: GrunkleConn|move: Stealth Rock\n|move|p1a: Heatran|Stealth Rock|p2a: Landorus\n|-sidestart|p2: ClausETG|move: Stealth Rock\n|\n|upkeep\n|turn|2\n|\n|t:|1790718825\n|move|p2a: Landorus|U-turn|p1a: Heatran\n|-resisted|p1a: Heatran\n|-damage|p1a: Heatran|97/100\n|-status|p2a: Landorus|brn|[from] ability: Flame Body|[of] p1a: Heatran\n|-enditem|p1a: Heatran|Air Balloon\n|\n|t:|1790718850\n|switch|p2a: Toxapex|Toxapex, F|100/100|[from] U-turn\n|-damage|p2a: Toxapex|88/100|[from] Stealth Rock\n|move|p1a: Heatran|Toxic|p2a: Toxapex\n|-immune|p2a: Toxapex\n|\n|upkeep\n|turn|3\n|\n|t:|1790718858\n|switch|p1a: Tapu Fini|Tapu Fini|100/100\n|-damage|p1a: Tapu Fini|88/100|[from] Stealth Rock\n|-fieldstart|move: Misty Terrain|[from] ability: Misty Surge|[of] p1a: Tapu Fini\n|move|p2a: Toxapex|Toxic Spikes|p1a: Tapu Fini\n|-sidestart|p1: GrunkleConn|move: Toxic Spikes\n|\n|-heal|p1a: Tapu Fini|94/100|[from] item: Leftovers\n|upkeep\n|turn|4\n|\n|t:|1790718868\n|move|p1a: Tapu Fini|Whirlpool|p2a: Toxapex\n|-resisted|p2a: Toxapex\n|-damage|p2a: Toxapex|84/100\n|-activate|p2a: Toxapex|move: Whirlpool|[of] p1a: Tapu Fini\n|-enditem|p2a: Toxapex|Red Card|[of] p1a: Tapu Fini\n|drag|p1a: Zeraora|Zeraora|100/100\n|move|p2a: Toxapex|Toxic Spikes|p1a: Zeraora\n|-sidestart|p1: GrunkleConn|move: Toxic Spikes\n|\n|-end|p2a: Toxapex|Whirlpool|[partiallytrapped]|[silent]\n|upkeep\n|turn|5\n|\n|t:|1790718883\n|switch|p2a: Rillaboom|Rillaboom, F|100/100\n|-damage|p2a: Rillaboom|88/100|[from] Stealth Rock\n|-fieldstart|move: Grassy Terrain|[from] ability: Grassy Surge|[of] p2a: Rillaboom\n|move|p1a: Zeraora|Bulk Up|p1a: Zeraora\n|-boost|p1a: Zeraora|atk|1\n|-boost|p1a: Zeraora|def|1\n|\n|-heal|p2a: Rillaboom|94/100|[from] Grassy Terrain\n|-heal|p2a: Rillaboom|100/100|[from] item: Leftovers\n|upkeep\n|turn|6\n|\n|t:|1790718894\n|move|p1a: Zeraora|Knock Off|p2a: Rillaboom\n|-damage|p2a: Rillaboom|57/100\n|-enditem|p2a: Rillaboom|Leftovers|[from] move: Knock Off|[of] p1a: Zeraora\n|move|p2a: Rillaboom|Swords Dance|p2a: Rillaboom\n|-boost|p2a: Rillaboom|atk|2\n|\n|-heal|p2a: Rillaboom|63/100|[from] Grassy Terrain\n|upkeep\n|turn|7\n|\n|t:|1790718903\n|move|p1a: Zeraora|Close Combat|p2a: Rillaboom\n|-damage|p2a: Rillaboom|10/100\n|-unboost|p1a: Zeraora|def|1\n|-unboost|p1a: Zeraora|spd|1\n|move|p2a: Rillaboom|Knock Off|p1a: Zeraora\n|-damage|p1a: Zeraora|0 fnt\n|-enditem|p1a: Zeraora|Heavy-Duty Boots|[from] move: Knock Off|[of] p2a: Rillaboom\n|faint|p1a: Zeraora\n|\n|-heal|p2a: Rillaboom|16/100|[from] Grassy Terrain\n|upkeep\n|\n|t:|1790718913\n|switch|p1a: Tornadus|Tornadus-Therian, M|100/100\n|turn|8\n|\n|t:|1790718922\n|move|p2a: Rillaboom|Grassy Glide|p1a: Tornadus\n|-resisted|p1a: Tornadus\n|-damage|p1a: Tornadus|53/100\n|move|p1a: Tornadus|Knock Off|p2a: Rillaboom\n|-damage|p2a: Rillaboom|4/100\n|\n|-heal|p2a: Rillaboom|10/100|[from] Grassy Terrain\n|upkeep\n|turn|9\n|\n|t:|1790718930\n|move|p2a: Rillaboom|Grassy Glide|p1a: Tornadus\n|-resisted|p1a: Tornadus\n|-damage|p1a: Tornadus|6/100\n|move|p1a: Tornadus|U-turn|p2a: Rillaboom\n|-supereffective|p2a: Rillaboom\n|-damage|p2a: Rillaboom|0 fnt\n|faint|p2a: Rillaboom\n|\n|t:|1790718936\n|switch|p1a: Tapu Fini|Tapu Fini|94/100|[from] U-turn\n|-damage|p1a: Tapu Fini|82/100|[from] Stealth Rock\n|-status|p1a: Tapu Fini|tox\n|-fieldstart|move: Misty Terrain|[from] ability: Misty Surge|[of] p1a: Tapu Fini\n|\n|-heal|p1a: Tapu Fini|88/100 tox|[from] item: Leftovers\n|-damage|p1a: Tapu Fini|82/100 tox|[from] psn\n|upkeep\n|\n|t:|1790718948\n|switch|p2a: Toxapex|Toxapex, F|100/100\n|-damage|p2a: Toxapex|88/100|[from] Stealth Rock\n|turn|10\n|\n|t:|1790718955\n|move|p1a: Tapu Fini|Whirlpool|p2a: Toxapex\n|-resisted|p2a: Toxapex\n|-damage|p2a: Toxapex|85/100\n|-activate|p2a: Toxapex|move: Whirlpool|[of] p1a: Tapu Fini\n|move|p2a: Toxapex|Poison Jab|p1a: Tapu Fini\n|-supereffective|p1a: Tapu Fini\n|-damage|p1a: Tapu Fini|51/100 tox\n|\n|-heal|p1a: Tapu Fini|57/100 tox|[from] item: Leftovers\n|-damage|p1a: Tapu Fini|45/100 tox|[from] psn\n|-damage|p2a: Toxapex|73/100|[from] move: Whirlpool|[partiallytrapped]\n|upkeep\n|turn|11\n|\n|t:|1790718966\n|move|p1a: Tapu Fini|Taunt|p2a: Toxapex\n|-start|p2a: Toxapex|move: Taunt\n|move|p2a: Toxapex|Poison Jab|p1a: Tapu Fini\n|-supereffective|p1a: Tapu Fini\n|-damage|p1a: Tapu Fini|10/100 tox\n|\n|-heal|p1a: Tapu Fini|16/100 tox|[from] item: Leftovers\n|-damage|p1a: Tapu Fini|0 fnt|[from] psn\n|faint|p1a: Tapu Fini\n|-end|p2a: Toxapex|Whirlpool|[partiallytrapped]|[silent]\n|upkeep\n|\n|t:|1790718971\n|switch|p1a: Tornadus|Tornadus-Therian, M|39/100\n|turn|12\n|\n|t:|1790718977\n|move|p1a: Tornadus|Defog|p2a: Toxapex\n|-unboost|p2a: Toxapex|evasion|1\n|-sideend|p2: ClausETG|Stealth Rock|[from] move: Defog|[of] p1a: Tornadus\n|-sideend|p1: GrunkleConn|Toxic Spikes|[from] move: Defog|[of] p1a: Tornadus\n|-sideend|p1: GrunkleConn|Stealth Rock|[from] move: Defog|[of] p1a: Tornadus\n|-fieldend|Misty Terrain\n|move|p2a: Toxapex|Knock Off|p1a: Tornadus\n|-damage|p1a: Tornadus|23/100\n|-enditem|p1a: Tornadus|Heavy-Duty Boots|[from] move: Knock Off|[of] p2a: Toxapex\n|\n|upkeep\n|turn|13\n|\n|t:|1790718987\n|switch|p2a: Celesteela|Celesteela|100/100\n|move|p1a: Tornadus|U-turn|p2a: Celesteela\n|-resisted|p2a: Celesteela\n|-damage|p2a: Celesteela|97/100\n|\n|t:|1790718990\n|switch|p1a: Heatran|Heatran, M|97/100|[from] U-turn\n|\n|upkeep\n|turn|14\n|\n|t:|1790718997\n|switch|p2a: Landorus|Landorus-Therian, M|100/100 brn\n|-ability|p2a: Landorus|Intimidate|boost\n|-unboost|p1a: Heatran|atk|1\n|move|p1a: Heatran|Stealth Rock|p2a: Landorus\n|-sidestart|p2: ClausETG|move: Stealth Rock\n|\n|-damage|p2a: Landorus|94/100 brn|[from] brn\n|upkeep\n|turn|15\n|\n|t:|1790719009\n|switch|p1a: Garchomp|Garchomp, F|100/100\n|move|p2a: Landorus|Earthquake|p1a: Garchomp\n|-damage|p1a: Garchomp|75/100\n|\n|-heal|p1a: Garchomp|81/100|[from] item: Leftovers\n|-heal|p2a: Landorus|100/100 brn|[from] item: Leftovers\n|-damage|p2a: Landorus|94/100 brn|[from] brn\n|upkeep\n|turn|16\n|\n|t:|1790719017\n|move|p1a: Garchomp|Scale Shot|p2a: Landorus\n|-damage|p2a: Landorus|80/100 brn\n|-damage|p2a: Landorus|68/100 brn\n|-damage|p2a: Landorus|56/100 brn\n|-damage|p2a: Landorus|43/100 brn\n|-hitcount|p2a: Landorus|4\n|-unboost|p1a: Garchomp|def|1\n|-boost|p1a: Garchomp|spe|1\n|move|p2a: Landorus|Stealth Rock|p1a: Garchomp\n|-sidestart|p1: GrunkleConn|move: Stealth Rock\n|\n|-heal|p1a: Garchomp|88/100|[from] item: Leftovers\n|-heal|p2a: Landorus|49/100 brn|[from] item: Leftovers\n|-damage|p2a: Landorus|43/100 brn|[from] brn\n|upkeep\n|turn|17\n|\n|t:|1790719044\n|switch|p2a: Celesteela|Celesteela|97/100\n|-damage|p2a: Celesteela|84/100|[from] Stealth Rock\n|move|p1a: Garchomp|Swords Dance|p1a: Garchomp\n|-boost|p1a: Garchomp|atk|2\n|\n|-heal|p1a: Garchomp|94/100|[from] item: Leftovers\n|upkeep\n|turn|18\n|\n|t:|1790719053\n|move|p1a: Garchomp|Fire Fang|p2a: Celesteela\n|-supereffective|p2a: Celesteela\n|-damage|p2a: Celesteela|0 fnt\n|faint|p2a: Celesteela\n|\n|-heal|p1a: Garchomp|99/100|[from] item: Leftovers\n|upkeep\n|\n|t:|1790719059\n|switch|p2a: Dragapult|Dragapult, M|100/100\n|-damage|p2a: Dragapult|88/100|[from] Stealth Rock\n|turn|19\n|\n|t:|1790719086\n|move|p1a: Garchomp|Earthquake|p2a: Dragapult\n|-damage|p2a: Dragapult|0 fnt\n|faint|p2a: Dragapult\n|\n|-heal|p1a: Garchomp|100/100|[from] item: Leftovers\n|upkeep\n|\n|t:|1790719100\n|switch|p2a: Corviknight|Corviknight, F|100/100\n|-damage|p2a: Corviknight|88/100|[from] Stealth Rock\n|-ability|p2a: Corviknight|Pressure\n|turn|20\n|\n|t:|1790719108\n|move|p1a: Garchomp|Fire Fang|p2a: Corviknight\n|-supereffective|p2a: Corviknight\n|-damage|p2a: Corviknight|35/100\n|-damage|p1a: Garchomp|84/100|[from] item: Rocky Helmet|[of] p2a: Corviknight\n|move|p2a: Corviknight|Body Press|p1a: Garchomp\n|-damage|p1a: Garchomp|46/100\n|-damage|p2a: Corviknight|22/100|[from] ability: Rough Skin|[of] p1a: Garchomp\n|\n|-heal|p1a: Garchomp|52/100|[from] item: Leftovers\n|upkeep\n|turn|21\n|\n|t:|1790719119\n|move|p1a: Garchomp|Fire Fang|p2a: Corviknight|[miss]\n|-miss|p1a: Garchomp|p2a: Corviknight\n|move|p2a: Corviknight|Body Press|p1a: Garchomp\n|-damage|p1a: Garchomp|17/100\n|-damage|p2a: Corviknight|10/100|[from] ability: Rough Skin|[of] p1a: Garchomp\n|\n|-heal|p1a: Garchomp|23/100|[from] item: Leftovers\n|upkeep\n|turn|22\n|\n|t:|1790719128\n|move|p1a: Garchomp|Scale Shot|p2a: Corviknight\n|-resisted|p2a: Corviknight\n|-damage|p2a: Corviknight|2/100\n|-resisted|p2a: Corviknight\n|-damage|p2a: Corviknight|0 fnt\n|faint|p2a: Corviknight\n|-hitcount|p2: Corviknight|2\n|-unboost|p1a: Garchomp|def|1\n|-boost|p1a: Garchomp|spe|1\n|\n|-heal|p1a: Garchomp|29/100|[from] item: Leftovers\n|upkeep\n|\n|t:|1790719137\n|switch|p2a: Toxapex|Toxapex, F|100/100\n|-damage|p2a: Toxapex|88/100|[from] Stealth Rock\n|turn|23\n|\n|t:|1790719144\n|move|p1a: Garchomp|Earthquake|p2a: Toxapex\n|-supereffective|p2a: Toxapex\n|-damage|p2a: Toxapex|0 fnt\n|faint|p2a: Toxapex\n|\n|-heal|p1a: Garchomp|36/100|[from] item: Leftovers\n|upkeep\n|\n|t:|1790719151\n|switch|p2a: Landorus|Landorus-Therian, M|43/100 brn\n|-damage|p2a: Landorus|31/100 brn|[from] Stealth Rock\n|-ability|p2a: Landorus|Intimidate|boost\n|-unboost|p1a: Garchomp|atk|1\n|turn|24\n|\n|t:|1790719160\n|move|p1a: Garchomp|Scale Shot|p2a: Landorus\n|-damage|p2a: Landorus|11/100 brn\n|-damage|p2a: Landorus|0 fnt\n|faint|p2a: Landorus\n|-hitcount|p2: Landorus|2\n|\n|win|GrunkleConn\n|raw|GrunkleConn's rating: 1239 &rarr; <strong>1255</strong><br />(+16 for winning)\n|raw|ClausETG's rating: 1111 &rarr; <strong>1095</strong><br />(-16 for losing)\n", "uploadtime": 1790719164, "views": "19", "formatid": "gen8ou", "rating": 1095, "private": 0, "password": null}