{"id": "gen8ou-2688215250", "format": "[Gen 8] OU", "players": ["Ellis Mkm", "Maxouille"], "log": "|j|\u2606Ellis Mkm\n|j|\u2606Maxouille\n|t:|1790434961\n|gametype|singles\n|player|p1|Ellis Mkm|calem-masters|1232\n|player|p2|Maxouille|#teamballo2024|1478\n|gen|8\n|tier|[Gen 8] OU\n|rated|\n|rule|HP Percentage Mod: HP is shown in percentages\n|rule|Endless Battle Clause: Forcing endless battles is banned\n|rule|Sleep Clause Mod: Limit one foe put to sleep\n|rule|Species Clause: Limit one of each Pok\u00e9mon\n|rule|OHKO Clause: OHKO moves are banned\n|rule|Evasion Items Clause: Evasion items are banned\n|rule|Evasion Moves Clause: Evasion moves are banned\n|rule|Dynamax Clause: You cannot dynamax\n|clearpoke\n|poke|p1|Rillaboom, M|\n|poke|p1|Dragapult, M|\n|poke|p1|Corviknight, F|\n|poke|p1|Urshifu-*, F|\n|poke|p1|Volcarona, F|\n|poke|p1|Zeraora|\n|poke|p2|Tapu Lele|\n|poke|p2|Hawlucha, F|\n|poke|p2|Tornadus-Therian, M|\n|poke|p2|Urshifu-*, F|\n|poke|p2|Dragonite, F|\n|poke|p2|Pelipper, M|\n|teampreview\n|\n|t:|1790434996\n|teamsize|p1|6\n|teamsize|p2|6\n|start\n|switch|p1a: Zeraora|Zeraora|100/100\n|switch|p2a: Tapu Lele|Tapu Lele|100/100\n|-item|p1a: Zeraora|Air Balloon\n|-fieldstart|move: Psychic Terrain|[from] ability: Psychic Surge|[of] p2a: Tapu Lele\n|turn|1\n|\n|t:|1790435005\n|move|p1a: Zeraora|Plasma Fists|p2a: Tapu Lele\n|-damage|p2a: Tapu Lele|31/100\n|-fieldactivate|move: Ion Deluge\n|-hint|Normal-type moves become Electric-type after using Plasma Fists.\n|move|p2a: Tapu Lele|Psychic|p1a: Zeraora\n|-damage|p1a: Zeraora|0 fnt\n|-enditem|p1a: Zeraora|Air Balloon\n|faint|p1a: Zeraora\n|\n|upkeep\n|\n|t:|1790435014\n|switch|p1a: Volcarona|Volcarona, F|100/100\n|turn|2\n|\n|t:|1790435029\n|switch|p2a: Pelipper|Pelipper, M|100/100\n|-weather|RainDance|[from] ability: Drizzle|[of] p2a: Pelipper\n|move|p1a: Volcarona|Quiver Dance|p1a: Volcarona\n|-boost|p1a: Volcarona|spa|1\n|-boost|p1a: Volcarona|spd|1\n|-boost|p1a: Volcarona|spe|1\n|\n|-weather|RainDance|[upkeep]\n|upkeep\n|turn|3\n|\n|t:|1790435037\n|move|p1a: Volcarona|Quiver Dance|p1a: Volcarona\n|-boost|p1a: Volcarona|spa|1\n|-boost|p1a: Volcarona|spd|1\n|-boost|p1a: Volcarona|spe|1\n|move|p2a: Pelipper|Scald|p1a: Volcarona\n|-supereffective|p1a: Volcarona\n|-damage|p1a: Volcarona|55/100\n|\n|-weather|RainDance|[upkeep]\n|upkeep\n|turn|4\n|\n|t:|1790435046\n|move|p1a: Volcarona|Giga Drain|p2a: Pelipper\n|-damage|p2a: Pelipper|11/100\n|-heal|p1a: Volcarona|100/100|[from] drain|[of] p2a: Pelipper\n|move|p2a: Pelipper|Scald|p1a: Volcarona\n|-supereffective|p1a: Volcarona\n|-damage|p1a: Volcarona|57/100\n|\n|-weather|RainDance|[upkeep]\n|upkeep\n|turn|5\n|j| eeeeix\n|\n|t:|1790435053\n|move|p1a: Volcarona|Giga Drain|p2a: Pelipper\n|-damage|p2a: Pelipper|0 fnt\n|-heal|p1a: Volcarona|63/100|[from] drain|[of] p2a: Pelipper\n|faint|p2a: Pelipper\n|\n|-weather|RainDance|[upkeep]\n|-fieldend|move: Psychic Terrain\n|upkeep\n|\n|t:|1790435066\n|switch|p2a: Tornadus|Tornadus-Therian, M|100/100\n|turn|6\n|\n|t:|1790435070\n|move|p1a: Volcarona|Fiery Dance|p2a: Tornadus\n|-damage|p2a: Tornadus|73/100\n|-boost|p1a: Volcarona|spa|1\n|move|p2a: Tornadus|Hurricane|p1a: Volcarona\n|-supereffective|p1a: Volcarona\n|-damage|p1a: Volcarona|22/100\n|\n|-weather|RainDance|[upkeep]\n|upkeep\n|turn|7\n|\n|t:|1790435078\n|move|p1a: Volcarona|Giga Drain|p2a: Tornadus\n|-resisted|p2a: Tornadus\n|-damage|p2a: Tornadus|51/100\n|-heal|p1a: Volcarona|35/100|[from] drain|[of] p2a: Tornadus\n|move|p2a: Tornadus|Hurricane|p1a: Volcarona\n|-supereffective|p1a: Volcarona\n|-damage|p1a: Volcarona|0 fnt\n|faint|p1a: Volcarona\n|\n|-weather|RainDance|[upkeep]\n|upkeep\n|\n|t:|1790435090\n|switch|p1a: Dragapult|Dragapult, M|100/100\n|turn|8\n|\n|t:|1790435106\n|switch|p2a: Tapu Lele|Tapu Lele|31/100\n|-fieldstart|move: Psychic Terrain|[from] ability: Psychic Surge|[of] p2a: Tapu Lele\n|move|p1a: Dragapult|Thunderbolt|p2a: Tapu Lele\n|-damage|p2a: Tapu Lele|0 fnt\n|faint|p2a: Tapu Lele\n|\n|-weather|RainDance|[upkeep]\n|upkeep\n|\n|t:|1790435123\n|switch|p2a: Dragonite|Dragonite, F|100/100\n|turn|9\n|\n|t:|1790435126\n|switch|p1a: Corviknight|Corviknight, F|100/100\n|-ability|p1a: Corviknight|Pressure\n|move|p2a: Dragonite|Dragon Dance|p2a: Dragonite\n|-boost|p2a: Dragonite|atk|1\n|-boost|p2a: Dragonite|spe|1\n|\n|-weather|none\n|upkeep\n|turn|10\n|\n|t:|1790435134\n|move|p2a: Dragonite|Dragon Dance|p2a: Dragonite\n|-boost|p2a: Dragonite|atk|1\n|-boost|p2a: Dragonite|spe|1\n|move|p1a: Corviknight|Iron Head|p2a: Dragonite\n|-damage|p2a: Dragonite|82/100\n|\n|upkeep\n|turn|11\n|\n|t:|1790435141\n|move|p2a: Dragonite|Dragon Dance|p2a: Dragonite\n|-boost|p2a: Dragonite|atk|1\n|-boost|p2a: Dragonite|spe|1\n|move|p1a: Corviknight|Brave Bird|p2a: Dragonite\n|-damage|p2a: Dragonite|30/100\n|-damage|p1a: Corviknight|86/100|[from] Recoil\n|\n|-heal|p1a: Corviknight|93/100|[from] item: Leftovers\n|upkeep\n|turn|12\n|\n|t:|1790435149\n|move|p2a: Dragonite|Roost|p2a: Dragonite\n|-heal|p2a: Dragonite|80/100\n|-singleturn|p2a: Dragonite|move: Roost\n|move|p1a: Corviknight|Brave Bird|p2a: Dragonite\n|-damage|p2a: Dragonite|27/100\n|-damage|p1a: Corviknight|78/100|[from] Recoil\n|\n|-heal|p1a: Corviknight|84/100|[from] item: Leftovers\n|-fieldend|move: Psychic Terrain\n|upkeep\n|turn|13\n|\n|t:|1790435159\n|move|p2a: Dragonite|Roost|p2a: Dragonite\n|-heal|p2a: Dragonite|77/100\n|-singleturn|p2a: Dragonite|move: Roost\n|move|p1a: Corviknight|Bulk Up|p1a: Corviknight\n|-boost|p1a: Corviknight|atk|1\n|-boost|p1a: Corviknight|def|1\n|\n|-heal|p1a: Corviknight|91/100|[from] item: Leftovers\n|upkeep\n|turn|14\n|\n|t:|1790435167\n|move|p2a: Dragonite|Ice Punch|p1a: Corviknight\n|-damage|p1a: Corviknight|52/100\n|move|p1a: Corviknight|Brave Bird|p2a: Dragonite\n|-damage|p2a: Dragonite|0 fnt\n|faint|p2a: Dragonite\n|-damage|p1a: Corviknight|31/100|[from] Recoil\n|\n|-heal|p1a: Corviknight|37/100|[from] item: Leftovers\n|upkeep\n|\n|t:|1790435174\n|switch|p2a: Tornadus|Tornadus-Therian, M|84/100\n|turn|15\n|\n|t:|1790435178\n|move|p2a: Tornadus|Heat Wave|p1a: Corviknight\n|-supereffective|p1a: Corviknight\n|-damage|p1a: Corviknight|0 fnt\n|faint|p1a: Corviknight\n|\n|upkeep\n|\n|t:|1790435184\n|switch|p1a: Dragapult|Dragapult, M|100/100\n|turn|16\n|\n|t:|1790435188\n|move|p1a: Dragapult|Thunderbolt|p2a: Tornadus\n|-supereffective|p2a: Tornadus\n|-damage|p2a: Tornadus|36/100\n|move|p2a: Tornadus|Knock Off|p1a: Dragapult\n|-supereffective|p1a: Dragapult\n|-damage|p1a: Dragapult|46/100\n|-enditem|p1a: Dragapult|Choice Specs|[from] move: Knock Off|[of] p2a: Tornadus\n|\n|upkeep\n|turn|17\n|\n|t:|1790435201\n|switch|p2a: Urshifu|Urshifu-Rapid-Strike, F|100/100\n|move|p1a: Dragapult|Thunderbolt|p2a: Urshifu\n|-supereffective|p2a: Urshifu\n|-damage|p2a: Urshifu|28/100\n|\n|upkeep\n|turn|18\n|\n|t:|1790435208\n|move|p1a: Dragapult|Thunderbolt|p2a: Urshifu\n|-supereffective|p2a: Urshifu\n|-damage|p2a: Urshifu|0 fnt\n|faint|p2a: Urshifu\n|\n|upkeep\n|\n|t:|1790435211\n|switch|p2a: Tornadus|Tornadus-Therian, M|69/100\n|turn|19\n|\n|t:|1790435215\n|move|p1a: Dragapult|Thunderbolt|p2a: Tornadus\n|-supereffective|p2a: Tornadus\n|-damage|p2a: Tornadus|34/100\n|-status|p2a: Tornadus|par\n|move|p2a: Tornadus|Hurricane|p1a: Dragapult\n|-damage|p1a: Dragapult|0 fnt\n|faint|p1a: Dragapult\n|\n|upkeep\n|\n|t:|1790435223\n|switch|p1a: Urshifu|Urshifu-Rapid-Strike, F|100/100\n|turn|20\n|\n|t:|1790435228\n|move|p1a: Urshifu|Surging Strikes|p2a: Tornadus\n|-crit|p2a: Tornadus\n|-damage|p2a: Tornadus|11/100 par\n|-crit|p2a: Tornadus\n|-damage|p2a: Tornadus|0 fnt\n|faint|p2a: Tornadus\n|-hitcount|p2: Tornadus|2\n|\n|upkeep\n|\n|t:|1790435233\n|switch|p2a: Hawlucha|Hawlucha, F|100/100\n|turn|21\n|\n|t:|1790435236\n|move|p1a: Urshifu|Surging Strikes|p2a: Hawlucha\n|-crit|p2a: Hawlucha\n|-damage|p2a: Hawlucha|80/100\n|-crit|p2a: Hawlucha\n|-damage|p2a: Hawlucha|59/100\n|-crit|p2a: Hawlucha\n|-damage|p2a: Hawlucha|39/100\n|-hitcount|p2a: Hawlucha|3\n|move|p2a: Hawlucha|Acrobatics|p1a: Urshifu\n|-supereffective|p1a: Urshifu\n|-damage|p1a: Urshifu|49/100\n|\n|upkeep\n|turn|22\n|-message|Maxouille forfeited.\n|\n|win|Ellis Mkm\n|raw|Ellis Mkm's rating: 1232 &rarr; <strong>1272</strong><br />(+40 for winning)\n|raw|Maxouille's rating: 1478 &rarr; <strong>1446</strong><br />(-32 for losing)\n|l|\u2606Maxouille\n|player|p2|\n", "uploadtime": 1790435244, "views": "3", "formatid": "gen8ou", "rating": 1272, "private": 0, "password": null}