{"id": "gen8ou-2691922517", "format": "[Gen 8] OU", "players": ["its a game chill", "ClausETG"], "log": "|j|\u2606its a game chill\n|j|\u2606ClausETG\n|t:|1790984971\n|gametype|singles\n|player|p1|its a game chill|102|1243\n|player|p2|ClausETG|kahili|1107\n|gen|8\n|tier|[Gen 8] OU\n|rated|\n|rule|HP Percentage Mod: HP is shown in percentages\n|rule|Endless Battle Clause: Forcing endless battles is banned\n|rule|Sleep Clause Mod: Limit one foe put to sleep\n|rule|Species Clause: Limit one of each Pok\u00e9mon\n|rule|OHKO Clause: OHKO moves are banned\n|rule|Evasion Items Clause: Evasion items are banned\n|rule|Evasion Moves Clause: Evasion moves are banned\n|rule|Dynamax Clause: You cannot dynamax\n|clearpoke\n|poke|p1|Tyranitar, M|\n|poke|p1|Ninetales-Alola, F|\n|poke|p1|Zapdos|\n|poke|p1|Tapu Bulu|\n|poke|p1|Dracozolt|\n|poke|p1|Arctozolt|\n|poke|p2|Dragapult, F|\n|poke|p2|Tyranitar, M|\n|poke|p2|Buzzwole|\n|poke|p2|Blissey, F|\n|poke|p2|Heatran, F|\n|poke|p2|Toxapex, F|\n|teampreview\n|inactive|Battle timer is ON: inactive players will automatically lose when time's up. (requested by its a game chill)\n|\n|t:|1790984995\n|teamsize|p1|6\n|teamsize|p2|6\n|start\n|switch|p1a: Dr. Stone|Tyranitar, M|100/100\n|switch|p2a: Tyranitar|Tyranitar, M|100/100\n|-weather|Sandstorm|[from] ability: Sand Stream|[of] p2a: Tyranitar\n|turn|1\n|inactive|its a game chill has 120 seconds left.\n|\n|t:|1790985040\n|switch|p1a: The Archbishop|Tapu Bulu|100/100\n|-fieldstart|move: Grassy Terrain|[from] ability: Grassy Surge|[of] p1a: The Archbishop\n|move|p2a: Tyranitar|Earthquake|p1a: The Archbishop\n|-resisted|p1a: The Archbishop\n|-damage|p1a: The Archbishop|95/100\n|\n|-weather|Sandstorm|[upkeep]\n|-damage|p1a: The Archbishop|89/100|[from] Sandstorm\n|-heal|p1a: The Archbishop|95/100|[from] Grassy Terrain\n|upkeep\n|turn|2\n|\n|t:|1790985055\n|switch|p1a: Sin.|Dracozolt|100/100\n|switch|p2a: Heatran|Heatran, F|100/100\n|\n|-weather|Sandstorm|[upkeep]\n|upkeep\n|turn|3\n|\n|t:|1790985062\n|move|p1a: Sin.|Bolt Beak|p2a: Heatran\n|-damage|p2a: Heatran|0 fnt\n|faint|p2a: Heatran\n|\n|-weather|Sandstorm|[upkeep]\n|upkeep\n|\n|t:|1790985079\n|switch|p2a: Blissey|Blissey, F|100/100\n|turn|4\n|\n|t:|1790985086\n|move|p1a: Sin.|Bolt Beak|p2a: Blissey\n|-damage|p2a: Blissey|0 fnt\n|faint|p2a: Blissey\n|\n|-weather|Sandstorm|[upkeep]\n|upkeep\n|\n|t:|1790985093\n|switch|p2a: Buzzwole|Buzzwole|100/100\n|turn|5\n|\n|t:|1790985099\n|switch|p1a: The Archbishop|Tapu Bulu|95/100\n|move|p2a: Buzzwole|Ice Punch|p1a: The Archbishop\n|-supereffective|p1a: The Archbishop\n|-damage|p1a: The Archbishop|61/100\n|-damage|p2a: Buzzwole|84/100|[from] item: Rocky Helmet|[of] p1a: The Archbishop\n|\n|-weather|none\n|-heal|p2a: Buzzwole|90/100|[from] Grassy Terrain\n|-heal|p1a: The Archbishop|67/100|[from] Grassy Terrain\n|-fieldend|move: Grassy Terrain\n|upkeep\n|turn|6\n|\n|t:|1790985112\n|switch|p1a: Sin.|Dracozolt|100/100\n|move|p2a: Buzzwole|Ice Punch|p1a: Sin.\n|-supereffective|p1a: Sin.\n|-damage|p1a: Sin.|45/100\n|\n|upkeep\n|turn|7\n|\n|t:|1790985121\n|switch|p1a: The Witch|Zapdos|100/100\n|move|p2a: Buzzwole|Ice Punch|p1a: The Witch\n|-supereffective|p1a: The Witch\n|-damage|p1a: The Witch|66/100\n|-status|p2a: Buzzwole|par|[from] ability: Static|[of] p1a: The Witch\n|\n|upkeep\n|turn|8\n|\n|t:|1790985142\n|move|p1a: The Witch|Volt Switch|p2a: Buzzwole\n|-damage|p2a: Buzzwole|48/100 par\n|\n|t:|1790985146\n|switch|p1a: Lady Frost|Ninetales-Alola, F|100/100|[from] Volt Switch\n|-weather|Hail|[from] ability: Snow Warning|[of] p1a: Lady Frost\n|move|p2a: Buzzwole|Ice Punch|p1a: Lady Frost\n|-resisted|p1a: Lady Frost\n|-damage|p1a: Lady Frost|78/100\n|\n|-weather|Hail|[upkeep]\n|-damage|p2a: Buzzwole|42/100 par|[from] Hail\n|upkeep\n|turn|9\n|\n|t:|1790985162\n|switch|p1a: The Witch|Zapdos|66/100\n|switch|p2a: Toxapex|Toxapex, F|100/100\n|\n|-weather|Hail|[upkeep]\n|-damage|p1a: The Witch|59/100|[from] Hail\n|-damage|p2a: Toxapex|95/100|[from] Hail\n|-heal|p2a: Toxapex|100/100|[from] item: Black Sludge\n|upkeep\n|turn|10\n|\n|t:|1790985174\n|move|p1a: The Witch|Volt Switch|p2a: Toxapex\n|-supereffective|p2a: Toxapex\n|-damage|p2a: Toxapex|60/100\n|\n|t:|1790985178\n|switch|p1a: Mr. Frost|Arctozolt|100/100|[from] Volt Switch\n|move|p2a: Toxapex|Toxic|p1a: Mr. Frost\n|-status|p1a: Mr. Frost|tox\n|\n|-weather|Hail|[upkeep]\n|-damage|p2a: Toxapex|54/100|[from] Hail\n|-heal|p2a: Toxapex|60/100|[from] item: Black Sludge\n|-damage|p1a: Mr. Frost|94/100 tox|[from] psn\n|upkeep\n|turn|11\n|\n|t:|1790985194\n|switch|p2a: Tyranitar|Tyranitar, M|100/100\n|-weather|Sandstorm|[from] ability: Sand Stream|[of] p2a: Tyranitar\n|move|p1a: Mr. Frost|Freeze-Dry|p2a: Tyranitar\n|-damage|p2a: Tyranitar|91/100\n|\n|-weather|Sandstorm|[upkeep]\n|-damage|p1a: Mr. Frost|88/100 tox|[from] Sandstorm\n|-heal|p2a: Tyranitar|98/100|[from] item: Leftovers\n|-damage|p1a: Mr. Frost|76/100 tox|[from] psn\n|upkeep\n|turn|12\n|\n|t:|1790985207\n|move|p1a: Mr. Frost|Low Kick|p2a: Tyranitar\n|-supereffective|p2a: Tyranitar\n|-crit|p2a: Tyranitar\n|-damage|p2a: Tyranitar|0 fnt\n|faint|p2a: Tyranitar\n|\n|-weather|Sandstorm|[upkeep]\n|-damage|p1a: Mr. Frost|69/100 tox|[from] Sandstorm\n|-damage|p1a: Mr. Frost|51/100 tox|[from] psn\n|upkeep\n|\n|t:|1790985218\n|switch|p2a: Dragapult|Dragapult, F|100/100\n|turn|13\n|\n|t:|1790985231\n|switch|p1a: Dr. Stone|Tyranitar, M|100/100\n|move|p2a: Dragapult|U-turn|p1a: Dr. Stone\n|-supereffective|p1a: Dr. Stone\n|-damage|p1a: Dr. Stone|70/100\n|\n|t:|1790985237\n|switch|p2a: Toxapex|Toxapex, F|94/100|[from] U-turn\n|\n|-weather|Sandstorm|[upkeep]\n|-damage|p2a: Toxapex|88/100|[from] Sandstorm\n|-heal|p1a: Dr. Stone|76/100|[from] item: Leftovers\n|-heal|p2a: Toxapex|94/100|[from] item: Black Sludge\n|upkeep\n|turn|14\n|\n|t:|1790985247\n|switch|p1a: Sin.|Dracozolt|45/100\n|move|p2a: Toxapex|Knock Off|p1a: Sin.\n|-damage|p1a: Sin.|29/100\n|-enditem|p1a: Sin.|Choice Band|[from] move: Knock Off|[of] p2a: Toxapex\n|\n|-weather|Sandstorm|[upkeep]\n|-damage|p2a: Toxapex|88/100|[from] Sandstorm\n|-heal|p2a: Toxapex|94/100|[from] item: Black Sludge\n|upkeep\n|turn|15\n|\n|t:|1790985257\n|move|p1a: Sin.|Bolt Beak|p2a: Toxapex\n|-supereffective|p2a: Toxapex\n|-damage|p2a: Toxapex|0 fnt\n|faint|p2a: Toxapex\n|\n|-weather|none\n|upkeep\n|\n|t:|1790985265\n|switch|p2a: Dragapult|Dragapult, F|100/100\n|turn|16\n|\n|t:|1790985270\n|switch|p1a: Dr. Stone|Tyranitar, M|76/100\n|-weather|Sandstorm|[from] ability: Sand Stream|[of] p1a: Dr. Stone\n|move|p2a: Dragapult|Shadow Ball|p1a: Dr. Stone\n|-resisted|p1a: Dr. Stone\n|-damage|p1a: Dr. Stone|59/100\n|\n|-weather|Sandstorm|[upkeep]\n|-damage|p2a: Dragapult|95/100|[from] Sandstorm\n|-heal|p1a: Dr. Stone|66/100|[from] item: Leftovers\n|upkeep\n|turn|17\n|\n|t:|1790985289\n|move|p2a: Dragapult|Shadow Ball|p1a: Dr. Stone\n|-resisted|p1a: Dr. Stone\n|-damage|p1a: Dr. Stone|50/100\n|-unboost|p1a: Dr. Stone|spd|1\n|move|p1a: Dr. Stone|Fire Blast|p2a: Dragapult\n|-resisted|p2a: Dragapult\n|-damage|p2a: Dragapult|71/100\n|\n|-weather|Sandstorm|[upkeep]\n|-damage|p2a: Dragapult|65/100|[from] Sandstorm\n|-heal|p1a: Dr. Stone|56/100|[from] item: Leftovers\n|upkeep\n|turn|18\n|\n|t:|1790985300\n|move|p2a: Dragapult|Shadow Ball|p1a: Dr. Stone\n|-resisted|p1a: Dr. Stone\n|-damage|p1a: Dr. Stone|31/100\n|move|p1a: Dr. Stone|Ice Beam|p2a: Dragapult\n|-supereffective|p2a: Dragapult\n|-damage|p2a: Dragapult|0 fnt\n|faint|p2a: Dragapult\n|\n|-weather|Sandstorm|[upkeep]\n|-heal|p1a: Dr. Stone|37/100|[from] item: Leftovers\n|upkeep\n|\n|t:|1790985309\n|switch|p2a: Buzzwole|Buzzwole|42/100 par\n|turn|19\n|\n|t:|1790985319\n|switch|p1a: The Archbishop|Tapu Bulu|67/100\n|-fieldstart|move: Grassy Terrain|[from] ability: Grassy Surge|[of] p1a: The Archbishop\n|move|p2a: Buzzwole|Close Combat|p1a: The Archbishop\n|-resisted|p1a: The Archbishop\n|-damage|p1a: The Archbishop|48/100\n|-unboost|p2a: Buzzwole|def|1\n|-unboost|p2a: Buzzwole|spd|1\n|-damage|p2a: Buzzwole|25/100 par|[from] item: Rocky Helmet|[of] p1a: The Archbishop\n|\n|-weather|Sandstorm|[upkeep]\n|-damage|p1a: The Archbishop|42/100|[from] Sandstorm\n|-damage|p2a: Buzzwole|19/100 par|[from] Sandstorm\n|-heal|p1a: The Archbishop|48/100|[from] Grassy Terrain\n|-heal|p2a: Buzzwole|25/100 par|[from] Grassy Terrain\n|upkeep\n|turn|20\n|\n|t:|1790985334\n|move|p1a: The Archbishop|Horn Leech|p2a: Buzzwole\n|-resisted|p2a: Buzzwole\n|-damage|p2a: Buzzwole|9/100 par\n|-heal|p1a: The Archbishop|58/100|[from] drain|[of] p2a: Buzzwole\n|-damage|p1a: The Archbishop|41/100|[from] item: Rocky Helmet|[of] p2a: Buzzwole\n|move|p2a: Buzzwole|Ice Punch|p1a: The Archbishop\n|-supereffective|p1a: The Archbishop\n|-damage|p1a: The Archbishop|9/100\n|-damage|p2a: Buzzwole|0 fnt|[from] item: Rocky Helmet|[of] p1a: The Archbishop\n|faint|p2a: Buzzwole\n|\n|win|its a game chill\n|raw|its a game chill's rating: 1243 &rarr; <strong>1259</strong><br />(+16 for winning)\n|raw|ClausETG's rating: 1107 &rarr; <strong>1091</strong><br />(-16 for losing)\n", "uploadtime": 1790985345, "views": "12", "formatid": "gen8ou", "rating": 1091, "private": 0, "password": null}