{"id": "gen8ou-2690070393", "format": "[Gen 8] OU", "players": ["Infernoss", "ClausETG"], "log": "|j|\u2606Infernoss\n|j|\u2606ClausETG\n|t:|1790718274\n|gametype|singles\n|player|p1|Infernoss|pokemonrangerf-gen4|1278\n|player|p2|ClausETG|kimonogirl|1126\n|gen|8\n|tier|[Gen 8] OU\n|rated|\n|rule|HP Percentage Mod: HP is shown in percentages\n|rule|Endless Battle Clause: Forcing endless battles is banned\n|rule|Sleep Clause Mod: Limit one foe put to sleep\n|rule|Species Clause: Limit one of each Pok\u00e9mon\n|rule|OHKO Clause: OHKO moves are banned\n|rule|Evasion Items Clause: Evasion items are banned\n|rule|Evasion Moves Clause: Evasion moves are banned\n|rule|Dynamax Clause: You cannot dynamax\n|clearpoke\n|poke|p1|Landorus-Therian, M|\n|poke|p1|Charizard, M|\n|poke|p1|Whimsicott, M|\n|poke|p1|Rotom-Wash|\n|poke|p1|Tapu Fini|\n|poke|p1|Toxicroak, F|\n|poke|p2|Celesteela|\n|poke|p2|Rillaboom, M|\n|poke|p2|Corviknight, F|\n|poke|p2|Toxapex, M|\n|poke|p2|Landorus-Therian, M|\n|poke|p2|Dragapult, F|\n|teampreview\n|\n|t:|1790718288\n|teamsize|p1|6\n|teamsize|p2|6\n|start\n|switch|p1a: Fluffy|Whimsicott, M|100/100\n|switch|p2a: Celesteela|Celesteela|100/100\n|turn|1\n|\n|t:|1790718297\n|move|p1a: Fluffy|Light Screen|p1a: Fluffy\n|-sidestart|p1: Infernoss|move: Light Screen\n|move|p2a: Celesteela|Flamethrower|p1a: Fluffy\n|-supereffective|p1a: Fluffy\n|-damage|p1a: Fluffy|75/100\n|\n|upkeep\n|turn|2\n|\n|t:|1790718310\n|switch|p2a: Toxapex|Toxapex, M|100/100\n|move|p1a: Fluffy|Encore||[still]\n|-fail|p1a: Fluffy\n|\n|upkeep\n|turn|3\n|\n|t:|1790718325\n|switch|p1a: Fiero|Landorus-Therian, M|100/100\n|-ability|p1a: Fiero|Intimidate|boost\n|-unboost|p2a: Toxapex|atk|1\n|move|p2a: Toxapex|Poison Jab|p1a: Fiero\n|-resisted|p1a: Fiero\n|-damage|p1a: Fiero|94/100\n|\n|-heal|p1a: Fiero|99/100|[from] item: Leftovers\n|upkeep\n|turn|4\n|\n|t:|1790718338\n|switch|p2a: Landorus|Landorus-Therian, M|100/100\n|-ability|p2a: Landorus|Intimidate|boost\n|-unboost|p1a: Fiero|atk|1\n|move|p1a: Fiero|Stealth Rock|p2a: Landorus\n|-sidestart|p2: ClausETG|move: Stealth Rock\n|\n|-heal|p1a: Fiero|100/100|[from] item: Leftovers\n|upkeep\n|turn|5\n|\n|t:|1790718346\n|move|p1a: Fiero|Knock Off|p2a: Landorus\n|-damage|p2a: Landorus|81/100\n|-enditem|p2a: Landorus|Leftovers|[from] move: Knock Off|[of] p1a: Fiero\n|move|p2a: Landorus|Stealth Rock|p1a: Fiero\n|-sidestart|p1: Infernoss|move: Stealth Rock\n|\n|upkeep\n|turn|6\n|\n|t:|1790718355\n|move|p1a: Fiero|Defog|p2a: Landorus\n|-unboost|p2a: Landorus|evasion|1\n|-sideend|p2: ClausETG|Stealth Rock|[from] move: Defog|[of] p1a: Fiero\n|-sideend|p1: Infernoss|Stealth Rock|[from] move: Defog|[of] p1a: Fiero\n|move|p2a: Landorus|Toxic|p1a: Fiero\n|-status|p1a: Fiero|tox\n|\n|-damage|p1a: Fiero|94/100 tox|[from] psn\n|upkeep\n|turn|7\n|\n|t:|1790718370\n|switch|p1a: Chorizo Lord|Charizard, M, shiny|100/100\n|move|p2a: Landorus|Stealth Rock|p1a: Chorizo Lord\n|-sidestart|p1: Infernoss|move: Stealth Rock\n|\n|upkeep\n|turn|8\n|\n|t:|1790718379\n|switch|p2a: Toxapex|Toxapex, M|100/100\n|move|p1a: Chorizo Lord|Belly Drum|p1a: Chorizo Lord\n|-damage|p1a: Chorizo Lord|50/100\n|-setboost|p1a: Chorizo Lord|atk|6|[from] move: Belly Drum\n|-enditem|p1a: Chorizo Lord|Sitrus Berry|[eat]\n|-heal|p1a: Chorizo Lord|75/100|[from] item: Sitrus Berry\n|\n|-sideend|p1: Infernoss|move: Light Screen\n|upkeep\n|turn|9\n|\n|t:|1790718392\n|move|p1a: Chorizo Lord|Flame Charge|p2a: Toxapex\n|-resisted|p2a: Toxapex\n|-damage|p2a: Toxapex|70/100\n|-boost|p1a: Chorizo Lord|spe|1\n|-enditem|p2a: Toxapex|Eject Button\n|\n|t:|1790718405\n|switch|p2a: Dragapult|Dragapult, F|100/100\n|\n|upkeep\n|turn|10\n|\n|t:|1790718410\n|move|p1a: Chorizo Lord|Acrobatics|p2a: Dragapult\n|-damage|p2a: Dragapult|0 fnt\n|faint|p2a: Dragapult\n|\n|upkeep\n|\n|t:|1790718417\n|switch|p2a: Toxapex|Toxapex, M|100/100\n|turn|11\n|\n|t:|1790718421\n|move|p1a: Chorizo Lord|Acrobatics|p2a: Toxapex\n|-damage|p2a: Toxapex|0 fnt\n|faint|p2a: Toxapex\n|\n|upkeep\n|\n|t:|1790718438\n|switch|p2a: Corviknight|Corviknight, F|100/100\n|-ability|p2a: Corviknight|Pressure\n|turn|12\n|\n|t:|1790718447\n|move|p1a: Chorizo Lord|Flame Charge|p2a: Corviknight\n|-supereffective|p2a: Corviknight\n|-damage|p2a: Corviknight|7/100\n|-boost|p1a: Chorizo Lord|spe|1\n|-damage|p1a: Chorizo Lord|59/100|[from] item: Rocky Helmet|[of] p2a: Corviknight\n|move|p2a: Corviknight|Body Press|p1a: Chorizo Lord\n|-resisted|p1a: Chorizo Lord\n|-damage|p1a: Chorizo Lord|42/100\n|\n|upkeep\n|turn|13\n|\n|t:|1790718456\n|move|p1a: Chorizo Lord|Roost|p1a: Chorizo Lord\n|-heal|p1a: Chorizo Lord|92/100\n|-singleturn|p1a: Chorizo Lord|move: Roost\n|move|p2a: Corviknight|U-turn|p1a: Chorizo Lord\n|-resisted|p1a: Chorizo Lord\n|-crit|p1a: Chorizo Lord\n|-damage|p1a: Chorizo Lord|76/100\n|\n|t:|1790718467\n|switch|p2a: Celesteela|Celesteela|100/100|[from] U-turn\n|\n|upkeep\n|turn|14\n|\n|t:|1790718472\n|move|p1a: Chorizo Lord|Flame Charge|p2a: Celesteela\n|-supereffective|p2a: Celesteela\n|-damage|p2a: Celesteela|0 fnt\n|-boost|p1a: Chorizo Lord|spe|1\n|faint|p2a: Celesteela\n|\n|upkeep\n|\n|t:|1790718480\n|switch|p2a: Rillaboom|Rillaboom, M|100/100\n|-fieldstart|move: Grassy Terrain|[from] ability: Grassy Surge|[of] p2a: Rillaboom\n|turn|15\n|-message|ClausETG forfeited.\n|\n|win|Infernoss\n|raw|Infernoss's rating: 1278 &rarr; <strong>1293</strong><br />(+15 for winning)\n|raw|ClausETG's rating: 1126 &rarr; <strong>1111</strong><br />(-15 for losing)\n|c|\u2606ClausETG|gg\n|c|\u2606Infernoss|gg\n", "uploadtime": 1790718491, "views": "15", "formatid": "gen8ou", "rating": 1111, "private": 0, "password": null}