{"id": "gen8ou-2694092360", "format": "[Gen 8] OU", "players": ["dj ivis", "papalanches44"], "log": "|j|\u2606dj ivis\n|j|\u2606papalanches44\n|t:|1791331120\n|gametype|singles\n|player|p1|dj ivis|dawn-gen4pt|\n|player|p2|papalanches44|giovanni|\n|gen|8\n|tier|[Gen 8] OU\n|rule|HP Percentage Mod: HP is shown in percentages\n|rule|Endless Battle Clause: Forcing endless battles is banned\n|rule|Sleep Clause Mod: Limit one foe put to sleep\n|rule|Species Clause: Limit one of each Pok\u00e9mon\n|rule|OHKO Clause: OHKO moves are banned\n|rule|Evasion Items Clause: Evasion items are banned\n|rule|Evasion Moves Clause: Evasion moves are banned\n|rule|Dynamax Clause: You cannot dynamax\n|clearpoke\n|poke|p1|Dragapult, M|\n|poke|p1|Weavile, F|\n|poke|p1|Tapu Koko|\n|poke|p1|Garchomp, M|\n|poke|p1|Heatran, F|\n|poke|p1|Corviknight, M|\n|poke|p2|Landorus-Therian, M|\n|poke|p2|Rillaboom, F|\n|poke|p2|Melmetal|\n|poke|p2|Urshifu-*, F|\n|poke|p2|Weavile, F|\n|poke|p2|Zapdos|\n|teampreview\n|inactive|Battle timer is ON: inactive players will automatically lose when time's up. (requested by dj ivis)\n|c|\u2606dj ivis|hf\n|c|\u2606papalanches44|u2\n|\n|t:|1791331147\n|teamsize|p1|6\n|teamsize|p2|6\n|start\n|switch|p1a: Dragapult|Dragapult, M|100/100\n|switch|p2a: Landorus|Landorus-Therian, M|100/100\n|-ability|p2a: Landorus|Intimidate|boost\n|-unboost|p1a: Dragapult|atk|1\n|turn|1\n|\n|t:|1791331157\n|move|p1a: Dragapult|U-turn|p2a: Landorus\n|-resisted|p2a: Landorus\n|-damage|p2a: Landorus|95/100\n|\n|t:|1791331159\n|switch|p1a: Weavile|Weavile, F|100/100|[from] U-turn\n|-ability|p1a: Weavile|Pressure\n|move|p2a: Landorus|Earthquake|p1a: Weavile\n|-damage|p1a: Weavile|10/100\n|\n|upkeep\n|turn|2\n|\n|t:|1791331175\n|move|p1a: Weavile|Knock Off|p2a: Landorus\n|-damage|p2a: Landorus|35/100\n|-enditem|p2a: Landorus|Focus Sash|[from] move: Knock Off|[of] p1a: Weavile\n|move|p2a: Landorus|Earthquake|p1a: Weavile\n|-damage|p1a: Weavile|0 fnt\n|faint|p1a: Weavile\n|\n|upkeep\n|c|\u2606dj ivis|que\n|c|\u2606dj ivis|pqp\n|c|\u2606dj ivis|?\n|\n|t:|1791331186\n|switch|p1a: Dragapult|Dragapult, M|100/100\n|turn|3\n|\n|t:|1791331188\n|move|p1a: Dragapult|Shadow Ball|p2a: Landorus\n|-damage|p2a: Landorus|0 fnt\n|faint|p2a: Landorus\n|\n|upkeep\n|\n|t:|1791331194\n|switch|p2a: Melmetal|Melmetal|100/100\n|turn|4\n|\n|t:|1791331209\n|switch|p1a: Corviknight|Corviknight, M|100/100\n|-ability|p1a: Corviknight|Pressure\n|move|p2a: Melmetal|Ice Punch|p1a: Corviknight\n|-damage|p1a: Corviknight|77/100\n|\n|-heal|p1a: Corviknight|83/100|[from] item: Leftovers\n|upkeep\n|turn|5\n|\n|t:|1791331237\n|move|p1a: Corviknight|U-turn|p2a: Melmetal\n|-resisted|p2a: Melmetal\n|-crit|p2a: Melmetal\n|-damage|p2a: Melmetal|95/100\n|\n|t:|1791331240\n|switch|p1a: Heatran|Heatran, F|100/100|[from] U-turn\n|-item|p1a: Heatran|Air Balloon\n|move|p2a: Melmetal|Thunder Punch|p1a: Heatran\n|-damage|p1a: Heatran|69/100\n|-enditem|p1a: Heatran|Air Balloon\n|\n|upkeep\n|turn|6\n|\n|t:|1791331252\n|switch|p2a: Urshifu|Urshifu-Rapid-Strike, F|100/100\n|move|p1a: Heatran|Magma Storm|p2a: Urshifu\n|-resisted|p2a: Urshifu\n|-damage|p2a: Urshifu|63/100\n|-activate|p2a: Urshifu|move: Magma Storm|[of] p1a: Heatran\n|\n|-damage|p2a: Urshifu|50/100|[from] move: Magma Storm|[partiallytrapped]\n|upkeep\n|turn|7\n|\n|t:|1791331257\n|switch|p1a: Corviknight|Corviknight, M|83/100\n|-ability|p1a: Corviknight|Pressure\n|move|p2a: Urshifu|Surging Strikes|p1a: Corviknight\n|-crit|p1a: Corviknight\n|-damage|p1a: Corviknight|69/100\n|-crit|p1a: Corviknight\n|-damage|p1a: Corviknight|57/100\n|-crit|p1a: Corviknight\n|-damage|p1a: Corviknight|45/100\n|-hitcount|p1a: Corviknight|3\n|\n|-heal|p1a: Corviknight|51/100|[from] item: Leftovers\n|-end|p2a: Urshifu|Magma Storm|[partiallytrapped]|[silent]\n|upkeep\n|turn|8\n|\n|t:|1791331264\n|switch|p2a: Zapdos|Zapdos|100/100\n|move|p1a: Corviknight|Roost|p1a: Corviknight\n|-heal|p1a: Corviknight|100/100\n|-singleturn|p1a: Corviknight|move: Roost\n|\n|upkeep\n|turn|9\n|\n|t:|1791331273\n|switch|p1a: Garchomp|Garchomp, M|100/100\n|move|p2a: Zapdos|Volt Switch|p1a: Garchomp\n|-immune|p1a: Garchomp\n|\n|upkeep\n|turn|10\n|\n|t:|1791331289\n|switch|p1a: Heatran|Heatran, F|69/100\n|move|p2a: Zapdos|Hurricane|p1a: Heatran\n|-resisted|p1a: Heatran\n|-damage|p1a: Heatran|48/100\n|-start|p1a: Heatran|confusion\n|\n|upkeep\n|turn|11\n|\n|t:|1791331301\n|-activate|p1a: Heatran|confusion\n|-damage|p1a: Heatran|41/100|[from] confusion\n|move|p2a: Zapdos|Volt Switch|p1a: Heatran\n|-damage|p1a: Heatran|9/100\n|c|\u2606dj ivis|boa\n|c|\u2606dj ivis|car\n|\n|t:|1791331322\n|switch|p2a: Urshifu|Urshifu-Rapid-Strike, F|50/100|[from] Volt Switch\n|\n|upkeep\n|turn|12\n|\n|t:|1791331327\n|switch|p1a: Corviknight|Corviknight, M|100/100\n|-ability|p1a: Corviknight|Pressure\n|move|p2a: Urshifu|Surging Strikes|p1a: Corviknight\n|-crit|p1a: Corviknight\n|-damage|p1a: Corviknight|86/100\n|-crit|p1a: Corviknight\n|-damage|p1a: Corviknight|72/100\n|-crit|p1a: Corviknight\n|-damage|p1a: Corviknight|59/100\n|-hitcount|p1a: Corviknight|3\n|\n|-heal|p1a: Corviknight|65/100|[from] item: Leftovers\n|upkeep\n|turn|13\n|inactive|papalanches44 has 270 seconds left.\n|\n|t:|1791331353\n|move|p2a: Urshifu|Surging Strikes|p1a: Corviknight\n|-crit|p1a: Corviknight\n|-damage|p1a: Corviknight|52/100\n|-crit|p1a: Corviknight\n|-damage|p1a: Corviknight|39/100\n|-crit|p1a: Corviknight\n|-damage|p1a: Corviknight|25/100\n|-hitcount|p1a: Corviknight|3\n|move|p1a: Corviknight|Roost|p1a: Corviknight\n|-heal|p1a: Corviknight|75/100\n|-singleturn|p1a: Corviknight|move: Roost\n|\n|-heal|p1a: Corviknight|81/100|[from] item: Leftovers\n|upkeep\n|turn|14\n|\n|t:|1791331363\n|switch|p2a: Zapdos|Zapdos|100/100\n|move|p1a: Corviknight|U-turn|p2a: Zapdos\n|-resisted|p2a: Zapdos\n|-damage|p2a: Zapdos|96/100\n|\n|t:|1791331369\n|switch|p1a: Tapu Koko|Tapu Koko|100/100|[from] U-turn\n|-fieldstart|move: Electric Terrain|[from] ability: Electric Surge|[of] p1a: Tapu Koko\n|\n|upkeep\n|turn|15\n|\n|t:|1791331374\n|move|p1a: Tapu Koko|Thunderbolt|p2a: Zapdos\n|-damage|p2a: Zapdos|48/100\n|move|p2a: Zapdos|Hurricane|p1a: Tapu Koko|[miss]\n|-miss|p2a: Zapdos|p1a: Tapu Koko\n|\n|upkeep\n|turn|16\n|\n|t:|1791331384\n|switch|p2a: Melmetal|Melmetal|95/100\n|move|p1a: Tapu Koko|Thunderbolt|p2a: Melmetal\n|-damage|p2a: Melmetal|71/100\n|\n|upkeep\n|turn|17\n|\n|t:|1791331393\n|switch|p1a: Corviknight|Corviknight, M|81/100\n|-ability|p1a: Corviknight|Pressure\n|move|p2a: Melmetal|Double Iron Bash|p1a: Corviknight\n|-resisted|p1a: Corviknight\n|-damage|p1a: Corviknight|68/100\n|-resisted|p1a: Corviknight\n|-damage|p1a: Corviknight|55/100\n|-hitcount|p1a: Corviknight|2\n|\n|-heal|p1a: Corviknight|61/100|[from] item: Leftovers\n|upkeep\n|turn|18\n|\n|t:|1791331400\n|move|p1a: Corviknight|Body Press|p2a: Melmetal\n|-supereffective|p2a: Melmetal\n|-damage|p2a: Melmetal|45/100\n|move|p2a: Melmetal|Thunder Punch|p1a: Corviknight\n|-supereffective|p1a: Corviknight\n|-damage|p1a: Corviknight|5/100\n|\n|-heal|p1a: Corviknight|11/100|[from] item: Leftovers\n|-fieldend|move: Electric Terrain\n|upkeep\n|turn|19\n|\n|t:|1791331406\n|move|p1a: Corviknight|Roost|p1a: Corviknight\n|-heal|p1a: Corviknight|61/100\n|-singleturn|p1a: Corviknight|move: Roost\n|move|p2a: Melmetal|Thunder Punch|p1a: Corviknight\n|-damage|p1a: Corviknight|41/100\n|\n|-heal|p1a: Corviknight|47/100|[from] item: Leftovers\n|upkeep\n|turn|20\n|\n|t:|1791331417\n|switch|p1a: Garchomp|Garchomp, M|100/100\n|move|p2a: Melmetal|Earthquake|p1a: Garchomp\n|-damage|p1a: Garchomp|65/100\n|\n|upkeep\n|turn|21\n|\n|t:|1791331425\n|switch|p2a: Zapdos|Zapdos|48/100\n|move|p1a: Garchomp|Swords Dance|p1a: Garchomp\n|-boost|p1a: Garchomp|atk|2\n|\n|upkeep\n|turn|22\n|\n|t:|1791331440\n|move|p1a: Garchomp|Scale Shot|p2a: Zapdos|[miss]\n|-miss|p1a: Garchomp|p2a: Zapdos\n|move|p2a: Zapdos|Roost|p2a: Zapdos\n|-heal|p2a: Zapdos|98/100\n|-singleturn|p2a: Zapdos|move: Roost\n|\n|upkeep\n|turn|23\n|\n|t:|1791331449\n|move|p1a: Garchomp|Swords Dance|p1a: Garchomp\n|-boost|p1a: Garchomp|atk|2\n|move|p2a: Zapdos|Hurricane|p1a: Garchomp\n|-crit|p1a: Garchomp\n|-damage|p1a: Garchomp|0 fnt\n|faint|p1a: Garchomp\n|\n|upkeep\n|c|\u2606dj ivis|pqp\n|c|\u2606dj ivis|vsf\n|\n|t:|1791331468\n|switch|p1a: Dragapult|Dragapult, M|100/100\n|turn|24\n|\n|t:|1791331474\n|move|p1a: Dragapult|Draco Meteor|p2a: Zapdos|[miss]\n|-miss|p1a: Dragapult|p2a: Zapdos\n|move|p2a: Zapdos|Volt Switch|p1a: Dragapult\n|-resisted|p1a: Dragapult\n|-damage|p1a: Dragapult|79/100\n|\n|t:|1791331479\n|switch|p2a: Melmetal|Melmetal|45/100|[from] Volt Switch\n|\n|upkeep\n|turn|25\n|\n|t:|1791331488\n|switch|p1a: Heatran|Heatran, F|9/100\n|move|p2a: Melmetal|Double Iron Bash|p1a: Heatran\n|-resisted|p1a: Heatran\n|-damage|p1a: Heatran|0 fnt\n|faint|p1a: Heatran\n|-hitcount|p1: Heatran|1\n|\n|upkeep\n|\n|t:|1791331492\n|switch|p1a: Dragapult|Dragapult, M|79/100\n|turn|26\n|\n|t:|1791331504\n|switch|p2a: Urshifu|Urshifu-Rapid-Strike, F|50/100\n|move|p1a: Dragapult|Flamethrower|p2a: Urshifu\n|-resisted|p2a: Urshifu\n|-crit|p2a: Urshifu\n|-damage|p2a: Urshifu|7/100\n|\n|upkeep\n|turn|27\n|\n|t:|1791331511\n|move|p2a: Urshifu|Ice Punch|p1a: Dragapult\n|-supereffective|p1a: Dragapult\n|-damage|p1a: Dragapult|7/100\n|move|p1a: Dragapult|Flamethrower|p2a: Urshifu\n|-resisted|p2a: Urshifu\n|-damage|p2a: Urshifu|0 fnt\n|faint|p2a: Urshifu\n|\n|upkeep\n|\n|t:|1791331517\n|switch|p2a: Weavile|Weavile, F|100/100\n|-ability|p2a: Weavile|Pressure\n|turn|28\n|\n|t:|1791331526\n|switch|p1a: Corviknight|Corviknight, M|47/100\n|-ability|p1a: Corviknight|Pressure\n|move|p2a: Weavile|Ice Shard|p1a: Corviknight\n|-damage|p1a: Corviknight|27/100\n|\n|-heal|p1a: Corviknight|33/100|[from] item: Leftovers\n|upkeep\n|turn|29\n|\n|t:|1791331539\n|switch|p2a: Zapdos|Zapdos|98/100\n|switch|p1a: Dragapult|Dragapult, M|7/100\n|\n|upkeep\n|turn|30\n|\n|t:|1791331545\n|move|p1a: Dragapult|Draco Meteor|p2a: Zapdos\n|-damage|p2a: Zapdos|18/100\n|-unboost|p1a: Dragapult|spa|2\n|move|p2a: Zapdos|Volt Switch|p1a: Dragapult\n|-resisted|p1a: Dragapult\n|-damage|p1a: Dragapult|0 fnt\n|faint|p1a: Dragapult\n|\n|t:|1791331557\n|switch|p2a: Weavile|Weavile, F|100/100|[from] Volt Switch\n|-ability|p2a: Weavile|Pressure\n|\n|upkeep\n|\n|t:|1791331563\n|switch|p1a: Tapu Koko|Tapu Koko|100/100\n|-fieldstart|move: Electric Terrain|[from] ability: Electric Surge|[of] p1a: Tapu Koko\n|turn|31\n|\n|t:|1791331577\n|switch|p2a: Melmetal|Melmetal|45/100\n|move|p1a: Tapu Koko|Thunderbolt|p2a: Melmetal\n|-damage|p2a: Melmetal|16/100\n|-status|p2a: Melmetal|par\n|\n|upkeep\n|turn|32\n|\n|t:|1791331582\n|move|p1a: Tapu Koko|Thunderbolt|p2a: Melmetal\n|-damage|p2a: Melmetal|0 fnt\n|faint|p2a: Melmetal\n|\n|upkeep\n|\n|t:|1791331585\n|switch|p2a: Rillaboom|Rillaboom, F|100/100\n|-fieldstart|move: Grassy Terrain|[from] ability: Grassy Surge|[of] p2a: Rillaboom\n|turn|33\n|\n|t:|1791331593\n|move|p1a: Tapu Koko|U-turn|p2a: Rillaboom\n|-supereffective|p2a: Rillaboom\n|-damage|p2a: Rillaboom|74/100\n|\n|t:|1791331597\n|switch|p1a: Corviknight|Corviknight, M|33/100|[from] U-turn\n|-ability|p1a: Corviknight|Pressure\n|move|p2a: Rillaboom|Swords Dance|p2a: Rillaboom\n|-boost|p2a: Rillaboom|atk|2\n|\n|-heal|p2a: Rillaboom|80/100|[from] Grassy Terrain\n|-heal|p2a: Rillaboom|87/100|[from] item: Leftovers\n|-heal|p1a: Corviknight|39/100|[from] item: Leftovers\n|upkeep\n|turn|34\n|\n|t:|1791331602\n|move|p2a: Rillaboom|Knock Off|p1a: Corviknight\n|-damage|p1a: Corviknight|0 fnt\n|-enditem|p1a: Corviknight|Leftovers|[from] move: Knock Off|[of] p2a: Rillaboom\n|faint|p1a: Corviknight\n|\n|-heal|p2a: Rillaboom|93/100|[from] Grassy Terrain\n|-heal|p2a: Rillaboom|99/100|[from] item: Leftovers\n|upkeep\n|\n|t:|1791331604\n|switch|p1a: Tapu Koko|Tapu Koko|100/100\n|-fieldstart|move: Electric Terrain|[from] ability: Electric Surge|[of] p1a: Tapu Koko\n|turn|35\n|\n|t:|1791331607\n|move|p1a: Tapu Koko|Thunderbolt|p2a: Rillaboom\n|-resisted|p2a: Rillaboom\n|-damage|p2a: Rillaboom|70/100\n|move|p2a: Rillaboom|Grassy Glide|p1a: Tapu Koko\n|-damage|p1a: Tapu Koko|0 fnt\n|faint|p1a: Tapu Koko\n|\n|win|papalanches44\n", "uploadtime": 1791331127, "views": "20", "formatid": "gen8ou", "rating": null, "private": 0, "password": null}