{"id": "gen8ou-2693248809", "format": "[Gen 8] OU", "players": ["its a game chill", "dnb nifilap"], "log": "|j|\u2606its a game chill\n|j|\u2606dnb nifilap\n|t:|1791214195\n|gametype|singles\n|player|p1|its a game chill|102|1326\n|player|p2|dnb nifilap|miku-ghost|1362\n|gen|8\n|tier|[Gen 8] OU\n|rated|\n|rule|HP Percentage Mod: HP is shown in percentages\n|rule|Endless Battle Clause: Forcing endless battles is banned\n|rule|Sleep Clause Mod: Limit one foe put to sleep\n|rule|Species Clause: Limit one of each Pok\u00e9mon\n|rule|OHKO Clause: OHKO moves are banned\n|rule|Evasion Items Clause: Evasion items are banned\n|rule|Evasion Moves Clause: Evasion moves are banned\n|rule|Dynamax Clause: You cannot dynamax\n|clearpoke\n|poke|p1|Tyranitar, M|\n|poke|p1|Ninetales-Alola, F|\n|poke|p1|Zapdos|\n|poke|p1|Tapu Bulu|\n|poke|p1|Dracozolt|\n|poke|p1|Arctozolt|\n|poke|p2|Dragonite, F|\n|poke|p2|Urshifu-*, F|\n|poke|p2|Tapu Lele|\n|poke|p2|Kartana|\n|poke|p2|Heatran, F|\n|poke|p2|Landorus-Therian, M|\n|teampreview\n|inactive|Battle timer is ON: inactive players will automatically lose when time's up. (requested by its a game chill)\n|\n|t:|1791214219\n|teamsize|p1|6\n|teamsize|p2|6\n|start\n|switch|p1a: Dr. Stone|Tyranitar, M|100/100\n|switch|p2a: Heatran|Heatran, F|100/100\n|-item|p2a: Heatran|Air Balloon\n|-weather|Sandstorm|[from] ability: Sand Stream|[of] p1a: Dr. Stone\n|turn|1\n|\n|t:|1791214226\n|move|p2a: Heatran|Will-O-Wisp|p1a: Dr. Stone\n|-status|p1a: Dr. Stone|brn\n|move|p1a: Dr. Stone|Rock Blast|p2a: Heatran\n|-damage|p2a: Heatran|95/100\n|-enditem|p2a: Heatran|Air Balloon\n|-damage|p2a: Heatran|89/100\n|-damage|p2a: Heatran|85/100\n|-hitcount|p2a: Heatran|3\n|\n|-weather|Sandstorm|[upkeep]\n|-damage|p1a: Dr. Stone|94/100 brn|[from] brn\n|upkeep\n|turn|2\n|\n|t:|1791214233\n|move|p2a: Heatran|Stealth Rock|p1a: Dr. Stone\n|-sidestart|p1: its a game chill|move: Stealth Rock\n|move|p1a: Dr. Stone|Ice Beam|p2a: Heatran\n|-resisted|p2a: Heatran\n|-damage|p2a: Heatran|78/100\n|\n|-weather|Sandstorm|[upkeep]\n|-heal|p1a: Dr. Stone|100/100 brn|[from] item: Leftovers\n|-damage|p1a: Dr. Stone|94/100 brn|[from] brn\n|upkeep\n|turn|3\n|\n|t:|1791214238\n|switch|p2a: Urshifu|Urshifu-Rapid-Strike, F|100/100\n|switch|p1a: Sin.|Dracozolt|100/100\n|-damage|p1a: Sin.|88/100|[from] Stealth Rock\n|\n|-weather|Sandstorm|[upkeep]\n|-damage|p2a: Urshifu|94/100|[from] Sandstorm\n|upkeep\n|turn|4\n|\n|t:|1791214247\n|switch|p2a: Landorus|Landorus-Therian, M|100/100\n|-ability|p2a: Landorus|Intimidate|boost\n|-unboost|p1a: Sin.|atk|1\n|move|p1a: Sin.|Outrage|p2a: Landorus\n|-damage|p2a: Landorus|47/100\n|\n|-weather|Sandstorm|[upkeep]\n|-heal|p2a: Landorus|53/100|[from] item: Leftovers\n|upkeep\n|turn|5\n|\n|t:|1791214253\n|switch|p2a: Tapu Lele|Tapu Lele|100/100\n|-fieldstart|move: Psychic Terrain|[from] ability: Psychic Surge|[of] p2a: Tapu Lele\n|move|p1a: Sin.|Outrage|p2a: Tapu Lele|[from] lockedmove\n|-immune|p2a: Tapu Lele\n|\n|-weather|none\n|upkeep\n|turn|6\n|\n|t:|1791214264\n|switch|p1a: The Archbishop|Tapu Bulu|100/100\n|-damage|p1a: The Archbishop|88/100|[from] Stealth Rock\n|-fieldstart|move: Grassy Terrain|[from] ability: Grassy Surge|[of] p1a: The Archbishop\n|move|p2a: Tapu Lele|Moonblast|p1a: The Archbishop\n|-damage|p1a: The Archbishop|32/100\n|-unboost|p1a: The Archbishop|spa|1\n|\n|-heal|p1a: The Archbishop|38/100|[from] Grassy Terrain\n|upkeep\n|turn|7\n|inactive|its a game chill has 120 seconds left.\n|\n|t:|1791214306\n|move|p2a: Tapu Lele|Moonblast|p1a: The Archbishop\n|-damage|p1a: The Archbishop|0 fnt\n|faint|p1a: The Archbishop\n|\n|upkeep\n|\n|t:|1791214308\n|switch|p1a: Lady Frost|Ninetales-Alola, F|100/100\n|-weather|Hail|[from] ability: Snow Warning|[of] p1a: Lady Frost\n|turn|8\n|\n|t:|1791214311\n|move|p2a: Tapu Lele|Moonblast|p1a: Lady Frost\n|-damage|p1a: Lady Frost|44/100\n|-unboost|p1a: Lady Frost|spa|1\n|move|p1a: Lady Frost|Aurora Veil|p1a: Lady Frost\n|-sidestart|p1: its a game chill|move: Aurora Veil\n|\n|-weather|Hail|[upkeep]\n|-damage|p2a: Tapu Lele|94/100|[from] Hail\n|-heal|p2a: Tapu Lele|100/100|[from] Grassy Terrain\n|-heal|p1a: Lady Frost|50/100|[from] Grassy Terrain\n|upkeep\n|turn|9\n|\n|t:|1791214328\n|switch|p2a: Dragonite|Dragonite, F|100/100\n|move|p1a: Lady Frost|Freeze-Dry|p2a: Dragonite\n|-supereffective|p2a: Dragonite\n|-damage|p2a: Dragonite|77/100\n|\n|-weather|Hail|[upkeep]\n|-damage|p2a: Dragonite|70/100|[from] Hail\n|-heal|p1a: Lady Frost|56/100|[from] Grassy Terrain\n|upkeep\n|turn|10\n|inactive|its a game chill has 120 seconds left.\n|\n|t:|1791214354\n|switch|p1a: Dr. Stone|Tyranitar, M|94/100 brn\n|-damage|p1a: Dr. Stone|82/100 brn|[from] Stealth Rock\n|-weather|Sandstorm|[from] ability: Sand Stream|[of] p1a: Dr. Stone\n|move|p2a: Dragonite|Dual Wingbeat|p1a: Dr. Stone\n|-resisted|p1a: Dr. Stone\n|-damage|p1a: Dr. Stone|79/100 brn\n|-resisted|p1a: Dr. Stone\n|-damage|p1a: Dr. Stone|74/100 brn\n|-hitcount|p1a: Dr. Stone|2\n|\n|-weather|Sandstorm|[upkeep]\n|-damage|p2a: Dragonite|64/100|[from] Sandstorm\n|-heal|p1a: Dr. Stone|81/100 brn|[from] Grassy Terrain\n|-heal|p1a: Dr. Stone|87/100 brn|[from] item: Leftovers\n|-damage|p1a: Dr. Stone|81/100 brn|[from] brn\n|-fieldend|move: Grassy Terrain\n|upkeep\n|turn|11\n|\n|t:|1791214370\n|switch|p1a: Sin.|Dracozolt|88/100\n|-damage|p1a: Sin.|76/100|[from] Stealth Rock\n|move|p2a: Dragonite|Roost|p2a: Dragonite\n|-heal|p2a: Dragonite|100/100\n|-singleturn|p2a: Dragonite|move: Roost\n|\n|-weather|Sandstorm|[upkeep]\n|-damage|p2a: Dragonite|94/100|[from] Sandstorm\n|upkeep\n|turn|12\n|\n|t:|1791214378\n|move|p1a: Sin.|Bolt Beak|p2a: Dragonite\n|-damage|p2a: Dragonite|0 fnt\n|faint|p2a: Dragonite\n|\n|-weather|Sandstorm|[upkeep]\n|-sideend|p1: its a game chill|move: Aurora Veil\n|upkeep\n|\n|t:|1791214381\n|switch|p2a: Landorus|Landorus-Therian, M|53/100\n|-ability|p2a: Landorus|Intimidate|boost\n|-unboost|p1a: Sin.|atk|1\n|turn|13\n|inactive|its a game chill has 120 seconds left.\n|\n|t:|1791214392\n|switch|p1a: The Witch|Zapdos|100/100\n|move|p2a: Landorus|U-turn|p1a: The Witch\n|-resisted|p1a: The Witch\n|-damage|p1a: The Witch|92/100\n|\n|t:|1791214399\n|switch|p2a: Heatran|Heatran, F|78/100|[from] U-turn\n|\n|-weather|Sandstorm|[upkeep]\n|-damage|p1a: The Witch|86/100|[from] Sandstorm\n|upkeep\n|turn|14\n|inactive|its a game chill has 120 seconds left.\n|\n|t:|1791214417\n|switch|p1a: Sin.|Dracozolt|76/100\n|-damage|p1a: Sin.|63/100|[from] Stealth Rock\n|move|p2a: Heatran|Magma Storm|p1a: Sin.\n|-resisted|p1a: Sin.\n|-damage|p1a: Sin.|26/100\n|-activate|p1a: Sin.|move: Magma Storm|[of] p2a: Heatran\n|\n|-weather|none\n|-damage|p1a: Sin.|13/100|[from] move: Magma Storm|[partiallytrapped]\n|upkeep\n|turn|15\n|inactive|its a game chill has 120 seconds left.\n|\n|t:|1791214429\n|switch|p2a: Kartana|Kartana|100/100\n|move|p1a: Sin.|Bolt Beak|p2a: Kartana\n|-resisted|p2a: Kartana\n|-damage|p2a: Kartana|38/100\n|\n|-end|p1a: Sin.|Magma Storm|[partiallytrapped]|[silent]\n|upkeep\n|turn|16\n|\n|t:|1791214438\n|switch|p1a: The Witch|Zapdos|86/100\n|move|p2a: Kartana|Knock Off|p1a: The Witch\n|-damage|p1a: The Witch|46/100\n|-status|p2a: Kartana|par|[from] ability: Static|[of] p1a: The Witch\n|-enditem|p1a: The Witch|Heavy-Duty Boots|[from] move: Knock Off|[of] p2a: Kartana\n|-damage|p2a: Kartana|28/100 par|[from] item: Life Orb\n|\n|upkeep\n|turn|17\n|\n|t:|1791214452\n|move|p1a: The Witch|Defog|p2a: Kartana\n|-unboost|p2a: Kartana|evasion|1\n|-sideend|p1: its a game chill|Stealth Rock|[from] move: Defog|[of] p1a: The Witch\n|move|p2a: Kartana|Swords Dance|p2a: Kartana\n|-boost|p2a: Kartana|atk|2\n|\n|upkeep\n|turn|18\n|\n|t:|1791214457\n|move|p1a: The Witch|Heat Wave|p2a: Kartana\n|-supereffective|p2a: Kartana\n|-damage|p2a: Kartana|0 fnt\n|faint|p2a: Kartana\n|\n|upkeep\n|\n|t:|1791214461\n|switch|p2a: Tapu Lele|Tapu Lele|100/100\n|-fieldstart|move: Psychic Terrain|[from] ability: Psychic Surge|[of] p2a: Tapu Lele\n|turn|19\n|inactive|its a game chill has 120 seconds left.\n|\n|t:|1791214491\n|switch|p1a: Dr. Stone|Tyranitar, M|81/100 brn\n|-weather|Sandstorm|[from] ability: Sand Stream|[of] p1a: Dr. Stone\n|move|p2a: Tapu Lele|Moonblast|p1a: Dr. Stone\n|-supereffective|p1a: Dr. Stone\n|-damage|p1a: Dr. Stone|22/100 brn\n|\n|-weather|Sandstorm|[upkeep]\n|-damage|p2a: Tapu Lele|94/100|[from] Sandstorm\n|-heal|p1a: Dr. Stone|28/100 brn|[from] item: Leftovers\n|-damage|p1a: Dr. Stone|22/100 brn|[from] brn\n|upkeep\n|turn|20\n|inactive|its a game chill has 120 seconds left.\n|\n|t:|1791214499\n|switch|p1a: The Witch|Zapdos|46/100\n|move|p2a: Tapu Lele|Moonblast|p1a: The Witch\n|-damage|p1a: The Witch|0 fnt\n|faint|p1a: The Witch\n|\n|-weather|Sandstorm|[upkeep]\n|-damage|p2a: Tapu Lele|88/100|[from] Sandstorm\n|upkeep\n|inactive|its a game chill has 120 seconds left.\n|\n|t:|1791214505\n|switch|p1a: Sin.|Dracozolt|13/100\n|turn|21\n|\n|t:|1791214509\n|switch|p2a: Landorus|Landorus-Therian, M|53/100\n|-ability|p2a: Landorus|Intimidate|boost\n|-unboost|p1a: Sin.|atk|1\n|move|p1a: Sin.|Bolt Beak|p2a: Landorus\n|-immune|p2a: Landorus\n|\n|-weather|Sandstorm|[upkeep]\n|-heal|p2a: Landorus|59/100|[from] item: Leftovers\n|upkeep\n|turn|22\n|\n|t:|1791214514\n|switch|p1a: Lady Frost|Ninetales-Alola, F|56/100\n|-weather|Hail|[from] ability: Snow Warning|[of] p1a: Lady Frost\n|move|p2a: Landorus|U-turn|p1a: Lady Frost\n|-resisted|p1a: Lady Frost\n|-damage|p1a: Lady Frost|37/100\n|\n|t:|1791214519\n|switch|p2a: Tapu Lele|Tapu Lele|88/100|[from] U-turn\n|\n|-weather|Hail|[upkeep]\n|-damage|p2a: Tapu Lele|82/100|[from] Hail\n|upkeep\n|turn|23\n|\n|t:|1791214526\n|move|p2a: Tapu Lele|Moonblast|p1a: Lady Frost\n|-damage|p1a: Lady Frost|0 fnt\n|faint|p1a: Lady Frost\n|\n|-weather|Hail|[upkeep]\n|-damage|p2a: Tapu Lele|76/100|[from] Hail\n|-fieldend|move: Psychic Terrain\n|upkeep\n|\n|t:|1791214529\n|switch|p1a: Mr. Frost|Arctozolt|100/100\n|turn|24\n|\n|t:|1791214535\n|switch|p2a: Landorus|Landorus-Therian, M|59/100\n|-ability|p2a: Landorus|Intimidate|boost\n|-unboost|p1a: Mr. Frost|atk|1\n|move|p1a: Mr. Frost|Bolt Beak|p2a: Landorus\n|-immune|p2a: Landorus\n|\n|-weather|Hail|[upkeep]\n|-damage|p2a: Landorus|53/100|[from] Hail\n|-heal|p2a: Landorus|59/100|[from] item: Leftovers\n|upkeep\n|turn|25\n|\n|t:|1791214539\n|move|p1a: Mr. Frost|Bolt Beak|p2a: Landorus\n|-immune|p2a: Landorus\n|move|p2a: Landorus|U-turn|p1a: Mr. Frost\n|-damage|p1a: Mr. Frost|75/100\n|\n|t:|1791214541\n|switch|p2a: Heatran|Heatran, F|78/100|[from] U-turn\n|\n|-weather|Hail|[upkeep]\n|-damage|p2a: Heatran|72/100|[from] Hail\n|upkeep\n|turn|26\n|-message|its a game chill forfeited.\n|\n|win|dnb nifilap\n|raw|its a game chill's rating: 1326 &rarr; <strong>1308</strong><br />(-18 for losing)\n|raw|dnb nifilap's rating: 1362 &rarr; <strong>1380</strong><br />(+18 for winning)\n|l|\u2606its a game chill\n|player|p1|\n", "uploadtime": 1791214544, "views": "7", "formatid": "gen8ou", "rating": 1308, "private": 0, "password": null}