{"id": "gen8ou-2688472140", "format": "[Gen 8] OU", "players": ["Burning mmemories", "KniY"], "log": "|j|\u2606Burning mmemories\n|j|\u2606KniY\n|t:|1790473887\n|gametype|singles\n|player|p1|Burning mmemories|psychic-gen4|\n|player|p2|KniY|liko|\n|gen|8\n|tier|[Gen 8] OU\n|rule|HP Percentage Mod: HP is shown in percentages\n|rule|Endless Battle Clause: Forcing endless battles is banned\n|rule|Sleep Clause Mod: Limit one foe put to sleep\n|rule|Species Clause: Limit one of each Pok\u00e9mon\n|rule|OHKO Clause: OHKO moves are banned\n|rule|Evasion Items Clause: Evasion items are banned\n|rule|Evasion Moves Clause: Evasion moves are banned\n|rule|Dynamax Clause: You cannot dynamax\n|clearpoke\n|poke|p1|Tapu Koko|\n|poke|p1|Mew|\n|poke|p1|Corviknight, F|\n|poke|p1|Ferrothorn, M|\n|poke|p1|Kartana|\n|poke|p1|Garchomp, F|\n|poke|p2|Tapu Lele|\n|poke|p2|Blacephalon|\n|poke|p2|Slowbro, F|\n|poke|p2|Ferrothorn, M|\n|poke|p2|Mandibuzz, F|\n|poke|p2|Landorus-Therian, M|\n|teampreview\n|c|\u2606KniY|calma\n|c|\u2606KniY|jaja come\u00e7o\n|c|\u2606Burning mmemories|Okok\n|c|\u2606Burning mmemories|hfn\n|c|\u2606KniY|mano\n|j| 00xfn\n|c|\u2606KniY|eu vou\n|c|\u2606KniY|atrasar\n|c|\u2606KniY|um opuco\n|c| 00xfn|iae\n|j| 5lvl\n|c|\u2606KniY|deu um problema aqui\n|c|\u2606Burning mmemories|Okok\n|c|\u2606Burning mmemories|use bros\n|c|\u2606KniY|ou aproveitar e pedir\n|c|\u2606KniY|um remedio pra mim\n|c|\u2606Burning mmemories|Eae\n|c|\u2606KniY|calma ae\n|c| 00xfn|deve ter sido bem o seu barriga cobrar o aluguel\n|c|\u2606Burning mmemories|Kkkkkkkkkkkkkk\n|l| 00xfn\n|c| 5lvl|Kniy devendo aluguel?\n|c|\u2606Burning mmemories|Ta morando no barril igual o chaves\n|j| 00xfn\n|c| 5lvl|Kkkkkkkkkk\n|l| 00xfn\n|c|\u2606KniY|calma que nois ja come\u00e7a, me da uns 15 min\n|c|\u2606KniY|23:10 por ai\n|c|\u2606Burning mmemories|Okok\n|c|\u2606KniY|se p\u00e1\n|c|\u2606KniY|se quiser dar ff e dps eu te chamo\n|c|\u2606KniY|ce que sabe\n|j| 00xfn\n|c|\u2606Burning mmemories|Me pinga no Dc?\n|l| 00xfn\n|l|\u2606Burning mmemories\n|player|p1|\n|c|\u2606KniY|OI\n|c|\u2606KniY|VOLTEI\n|c|\u2606KniY|glhf\n|j|\u2606Burning mmemories\n|player|p1|Burning mmemories|psychic-gen4|\n|c|\u2606Burning mmemories|Voltei\n|\n|t:|1790474754\n|teamsize|p1|6\n|teamsize|p2|6\n|start\n|switch|p1a: Garchomp|Garchomp, F|100/100\n|switch|p2a: Ferrothorn|Ferrothorn, M|100/100\n|turn|1\n|\n|t:|1790474759\n|move|p1a: Garchomp|Fire Fang|p2a: Ferrothorn\n|-supereffective|p2a: Ferrothorn\n|-crit|p2a: Ferrothorn\n|-damage|p2a: Ferrothorn|0 fnt\n|-damage|p1a: Garchomp|88/100|[from] ability: Iron Barbs|[of] p2a: Ferrothorn\n|faint|p2a: Ferrothorn\n|\n|upkeep\n|c|\u2606KniY|namoral\n|c|\u2606Burning mmemories|Mb\n|c|\u2606KniY|eu nao jogo mais hoje\n|c|\u2606KniY|fodase\n|c|\u2606KniY|COMO QUE EU VOU FAZER TRYOUT COM OS CARA\n|c|\u2606KniY|SENDO QUE\n|c|\u2606KniY|TUDO\n|c|\u2606KniY|QUE EU TESTO\n|c|\u2606KniY|EU TOMO CRITICO\n|c|\u2606KniY|OU EU ERRO\n|c|\u2606KniY|DA NAO PAR\u00c7A\n|l| 5lvl\n|c|\u2606Burning mmemories|Mb real\n|\n|t:|1790474798\n|switch|p2a: Slowbro|Slowbro, F|100/100\n|turn|2\n|c|\u2606KniY|pprt hoje ta foda\n|\n|t:|1790474813\n|switch|p1a: Ferrothorn|Ferrothorn, M|100/100\n|move|p2a: Slowbro|Future Sight|p1a: Ferrothorn\n|-start|p2a: Slowbro|move: Future Sight\n|\n|upkeep\n|turn|3\n|c|\u2606KniY|eh s\u00f3 eu esar com dor de cabe\u00e7a que sa bosta de jogo fica me testando\n|j| 5lvl\n|\n|t:|1790474848\n|switch|p1a: Tapu Koko|Tapu Koko|100/100\n|-fieldstart|move: Electric Terrain|[from] ability: Electric Surge|[of] p1a: Tapu Koko\n|move|p2a: Slowbro|Teleport|p2a: Slowbro\n|\n|t:|1790474862\n|switch|p2a: Tapu Lele|Tapu Lele, shiny|100/100|[from] Teleport\n|-fieldstart|move: Psychic Terrain|[from] ability: Psychic Surge|[of] p2a: Tapu Lele\n|\n|upkeep\n|turn|4\n|\n|t:|1790474877\n|move|p1a: Tapu Koko|U-turn|p2a: Tapu Lele\n|-damage|p2a: Tapu Lele|75/100\n|\n|t:|1790474880\n|switch|p1a: Ferrothorn|Ferrothorn, M|100/100|[from] U-turn\n|move|p2a: Tapu Lele|Psychic|p1a: Ferrothorn\n|-resisted|p1a: Ferrothorn\n|-damage|p1a: Ferrothorn|58/100\n|\n|-end|p1a: Ferrothorn|move: Future Sight\n|-resisted|p1a: Ferrothorn\n|-damage|p1a: Ferrothorn|37/100\n|upkeep\n|turn|5\n|\n|t:|1790474888\n|move|p2a: Tapu Lele|Psychic|p1a: Ferrothorn\n|-resisted|p1a: Ferrothorn\n|-crit|p1a: Ferrothorn\n|-damage|p1a: Ferrothorn|0 fnt\n|faint|p1a: Ferrothorn\n|\n|upkeep\n|\n|t:|1790474896\n|switch|p1a: Corviknight|Corviknight, F|100/100\n|-ability|p1a: Corviknight|Pressure\n|turn|6\n|c|\u2606KniY|acho que nao importava pq dei 42% na primeira\n|c|\u2606Burning mmemories|Eu t\u00f4 ligado\n|\n|t:|1790474906\n|switch|p2a: Mandibuzz|Mandibuzz, F|100/100\n|move|p1a: Corviknight|Agility|p1a: Corviknight\n|-boost|p1a: Corviknight|spe|2\n|\n|upkeep\n|turn|7\n|c|\u2606KniY|irm\u00e3o que porra \u00e9 essa\n|\n|t:|1790474914\n|move|p1a: Corviknight|Bulk Up|p1a: Corviknight\n|-boost|p1a: Corviknight|atk|1\n|-boost|p1a: Corviknight|def|1\n|move|p2a: Mandibuzz|U-turn|p1a: Corviknight\n|-resisted|p1a: Corviknight\n|-damage|p1a: Corviknight|99/100\n|\n|t:|1790474946\n|switch|p2a: Slowbro|Slowbro, F|100/100|[from] U-turn\n|\n|-fieldend|move: Psychic Terrain\n|upkeep\n|turn|8\n|\n|t:|1790474950\n|move|p1a: Corviknight|Bulk Up|p1a: Corviknight\n|-boost|p1a: Corviknight|atk|1\n|-boost|p1a: Corviknight|def|1\n|move|p2a: Slowbro|Future Sight|p1a: Corviknight\n|-start|p2a: Slowbro|move: Future Sight\n|\n|upkeep\n|turn|9\n|\n|t:|1790474956\n|move|p1a: Corviknight|Agility|p1a: Corviknight\n|-boost|p1a: Corviknight|spe|2\n|move|p2a: Slowbro|Teleport|p2a: Slowbro\n|\n|t:|1790474965\n|switch|p2a: Landorus|Landorus-Therian, M|100/100|[from] Teleport\n|-ability|p2a: Landorus|Intimidate|boost\n|-unboost|p1a: Corviknight|atk|1\n|\n|upkeep\n|turn|10\n|\n|t:|1790474969\n|move|p1a: Corviknight|Bulk Up|p1a: Corviknight\n|-boost|p1a: Corviknight|atk|1\n|-boost|p1a: Corviknight|def|1\n|move|p2a: Landorus|Stone Edge|p1a: Corviknight\n|-damage|p1a: Corviknight|84/100\n|\n|-end|p1a: Corviknight|move: Future Sight\n|-resisted|p1a: Corviknight\n|-damage|p1a: Corviknight|65/100\n|upkeep\n|turn|11\n|c|\u2606KniY|daora pae tenho alt pra isso nao\n|\n|t:|1790474981\n|move|p1a: Corviknight|Bulk Up|p1a: Corviknight\n|-boost|p1a: Corviknight|atk|1\n|-boost|p1a: Corviknight|def|1\n|move|p2a: Landorus|Stone Edge|p1a: Corviknight\n|-damage|p1a: Corviknight|53/100\n|\n|upkeep\n|turn|12\n|\n|t:|1790474990\n|switch|p2a: Mandibuzz|Mandibuzz, F|100/100\n|move|p1a: Corviknight|Power Trip|p2a: Mandibuzz\n|-resisted|p2a: Mandibuzz\n|-damage|p2a: Mandibuzz|67/100\n|\n|upkeep\n|turn|13\n|\n|t:|1790474993\n|move|p1a: Corviknight|Roost|p1a: Corviknight\n|-heal|p1a: Corviknight|100/100\n|-singleturn|p1a: Corviknight|move: Roost\n|move|p2a: Mandibuzz|Roost|p2a: Mandibuzz\n|-heal|p2a: Mandibuzz|100/100\n|-singleturn|p2a: Mandibuzz|move: Roost\n|\n|upkeep\n|turn|14\n|\n|t:|1790475000\n|move|p1a: Corviknight|Bulk Up|p1a: Corviknight\n|-boost|p1a: Corviknight|atk|1\n|-boost|p1a: Corviknight|def|1\n|move|p2a: Mandibuzz|Foul Play|p1a: Corviknight\n|-damage|p1a: Corviknight|81/100\n|\n|upkeep\n|turn|15\n|c|\u2606KniY|SDDS\n|c|\u2606KniY|DO MEU\n|\n|t:|1790475006\n|move|p1a: Corviknight|Bulk Up|p1a: Corviknight\n|-boost|p1a: Corviknight|atk|1\n|-boost|p1a: Corviknight|def|1\n|move|p2a: Mandibuzz|Foul Play|p1a: Corviknight\n|-damage|p1a: Corviknight|61/100\n|\n|upkeep\n|turn|16\n|c|\u2606KniY|FERROTHORN\n|c|\u2606Burning mmemories|Perdoa dms\n|c|\u2606Burning mmemories|assaltei\n|\n|t:|1790475021\n|move|p1a: Corviknight|Bulk Up|p1a: Corviknight\n|-boost|p1a: Corviknight|atk|1\n|-boost|p1a: Corviknight|def|0\n|move|p2a: Mandibuzz|Foul Play|p1a: Corviknight\n|-damage|p1a: Corviknight|34/100\n|\n|upkeep\n|turn|17\n|\n|t:|1790475026\n|move|p1a: Corviknight|Roost|p1a: Corviknight\n|-heal|p1a: Corviknight|84/100\n|-singleturn|p1a: Corviknight|move: Roost\n|move|p2a: Mandibuzz|Foul Play|p1a: Corviknight\n|-damage|p1a: Corviknight|62/100\n|\n|upkeep\n|turn|18\n|\n|t:|1790475031\n|move|p1a: Corviknight|Power Trip|p2a: Mandibuzz\n|-resisted|p2a: Mandibuzz\n|-damage|p2a: Mandibuzz|31/100\n|move|p2a: Mandibuzz|Foul Play|p1a: Corviknight\n|-damage|p1a: Corviknight|37/100\n|\n|upkeep\n|turn|19\n|\n|t:|1790475044\n|move|p1a: Corviknight|Power Trip|p2a: Mandibuzz\n|-resisted|p2a: Mandibuzz\n|-damage|p2a: Mandibuzz|0 fnt\n|faint|p2a: Mandibuzz\n|\n|upkeep\n|\n|t:|1790475047\n|switch|p2a: Blacephalon|Blacephalon|100/100\n|turn|20\n|c|\u2606KniY|+6 252 Atk Corviknight Power Trip (340 BP) vs. 0 HP / 0 Def Blacephalon: 3736-4396 (1512.5 - 1779.7%) -- guaranteed OHKO\n|\n|t:|1790475059\n|move|p1a: Corviknight|Power Trip|p2a: Blacephalon\n|-supereffective|p2a: Blacephalon\n|-damage|p2a: Blacephalon|0 fnt\n|faint|p2a: Blacephalon\n|\n|upkeep\n|\n|t:|1790475062\n|switch|p2a: Slowbro|Slowbro, F|100/100\n|turn|21\n|c|\u2606Burning mmemories|Q bizarro\n|c|\u2606Burning mmemories|mt dano\n|\n|t:|1790475078\n|move|p1a: Corviknight|Power Trip|p2a: Slowbro\n|-supereffective|p2a: Slowbro\n|-crit|p2a: Slowbro\n|-damage|p2a: Slowbro|0 fnt\n|-damage|p1a: Corviknight|20/100|[from] item: Rocky Helmet|[of] p2a: Slowbro\n|faint|p2a: Slowbro\n|\n|upkeep\n|\n|t:|1790475081\n|switch|p2a: Landorus|Landorus-Therian, M|100/100\n|-ability|p2a: Landorus|Intimidate|boost\n|-unboost|p1a: Corviknight|atk|1\n|turn|22\n|c|\u2606KniY|era s\u00f3 o ferrothorn\n|c|\u2606KniY|nao ter\n|\n|t:|1790475088\n|move|p1a: Corviknight|Power Trip|p2a: Landorus\n|-damage|p2a: Landorus|0 fnt\n|faint|p2a: Landorus\n|\n|upkeep\n|c|\u2606KniY|tomado crit\n|c|\u2606KniY|pqp\n|\n|t:|1790475092\n|switch|p2a: Tapu Lele|Tapu Lele, shiny|75/100\n|-fieldstart|move: Psychic Terrain|[from] ability: Psychic Surge|[of] p2a: Tapu Lele\n|turn|23\n|-message|KniY forfeited.\n|\n|win|Burning mmemories\n|c|\u2606Burning mmemories|Wp\n", "uploadtime": 1790475105, "views": "24", "formatid": "gen8ou", "rating": null, "private": 0, "password": null}