{"id": "gen8ou-2692021670", "format": "[Gen 8] OU", "players": ["Carlyle73", "Infernoss"], "log": "|j|\u2606Carlyle73\n|j|\u2606Infernoss\n|t:|1791002099\n|gametype|singles\n|player|p1|Carlyle73|benga|1282\n|player|p2|Infernoss|pokemonrangerf-gen4|1383\n|gen|8\n|tier|[Gen 8] OU\n|rated|\n|rule|HP Percentage Mod: HP is shown in percentages\n|rule|Endless Battle Clause: Forcing endless battles is banned\n|rule|Sleep Clause Mod: Limit one foe put to sleep\n|rule|Species Clause: Limit one of each Pok\u00e9mon\n|rule|OHKO Clause: OHKO moves are banned\n|rule|Evasion Items Clause: Evasion items are banned\n|rule|Evasion Moves Clause: Evasion moves are banned\n|rule|Dynamax Clause: You cannot dynamax\n|clearpoke\n|poke|p1|Tyranitar, M|\n|poke|p1|Golurk|\n|poke|p1|Vanilluxe, M|\n|poke|p1|Dragapult, M|\n|poke|p1|Tornadus-Therian, M|\n|poke|p1|Sandaconda, M|\n|poke|p2|Slowbro, M|\n|poke|p2|Hatterene, F|\n|poke|p2|Ferrothorn, M|\n|poke|p2|Garchomp, M|\n|poke|p2|Marowak-Alola, M|\n|poke|p2|Drampa, M|\n|teampreview\n|\n|t:|1791002137\n|teamsize|p1|6\n|teamsize|p2|6\n|start\n|switch|p1a: Vanilluxe|Vanilluxe, M, shiny|100/100\n|switch|p2a: Pincho|Ferrothorn, M|100/100\n|-weather|Hail|[from] ability: Snow Warning|[of] p1a: Vanilluxe\n|turn|1\n|\n|t:|1791002144\n|move|p1a: Vanilluxe|Magic Coat|p1a: Vanilluxe\n|-singleturn|p1a: Vanilluxe|move: Magic Coat\n|move|p2a: Pincho|Gyro Ball|p1a: Vanilluxe\n|-supereffective|p1a: Vanilluxe\n|-damage|p1a: Vanilluxe|0 fnt\n|faint|p1a: Vanilluxe\n|\n|-weather|Hail|[upkeep]\n|-damage|p2a: Pincho|94/100|[from] Hail\n|-heal|p2a: Pincho|100/100|[from] item: Leftovers\n|upkeep\n|\n|t:|1791002150\n|switch|p1a: Tornadus|Tornadus-Therian, M, shiny|100/100\n|turn|2\n|\n|t:|1791002155\n|move|p1a: Tornadus|Heat Wave|p2a: Pincho\n|-supereffective|p2a: Pincho\n|-damage|p2a: Pincho|30/100\n|move|p2a: Pincho|Gyro Ball|p1a: Tornadus\n|-damage|p1a: Tornadus|28/100\n|\n|-weather|Hail|[upkeep]\n|-damage|p1a: Tornadus|22/100|[from] Hail\n|-damage|p2a: Pincho|24/100|[from] Hail\n|-heal|p2a: Pincho|30/100|[from] item: Leftovers\n|upkeep\n|turn|3\n|\n|t:|1791002164\n|switch|p2a: Sonso|Slowbro, M|100/100\n|move|p1a: Tornadus|Knock Off|p2a: Sonso\n|-supereffective|p2a: Sonso\n|-enditem|p2a: Sonso|Colbur Berry|[eat]\n|-enditem|p2a: Sonso|Colbur Berry|[weaken]\n|-damage|p2a: Sonso|88/100\n|\n|-weather|Hail|[upkeep]\n|-damage|p1a: Tornadus|16/100|[from] Hail\n|-damage|p2a: Sonso|82/100|[from] Hail\n|upkeep\n|turn|4\n|\n|t:|1791002173\n|switch|p1a: Tyranitar|Tyranitar, M, shiny|100/100\n|-weather|Sandstorm|[from] ability: Sand Stream|[of] p1a: Tyranitar\n|move|p2a: Sonso|Trick Room|p2a: Sonso\n|-fieldstart|move: Trick Room|[of] p2a: Sonso\n|\n|-weather|Sandstorm|[upkeep]\n|-damage|p2a: Sonso|76/100|[from] Sandstorm\n|upkeep\n|turn|5\n|\n|t:|1791002180\n|move|p2a: Sonso|Body Press|p1a: Tyranitar\n|-supereffective|p1a: Tyranitar\n|-damage|p1a: Tyranitar|17/100\n|-damage|p2a: Sonso|59/100|[from] item: Rocky Helmet|[of] p1a: Tyranitar\n|move|p1a: Tyranitar|Stone Edge|p2a: Sonso\n|-damage|p2a: Sonso|33/100\n|\n|-weather|Sandstorm|[upkeep]\n|-damage|p2a: Sonso|27/100|[from] Sandstorm\n|upkeep\n|turn|6\n|\n|t:|1791002189\n|switch|p1a: Dragapult|Dragapult, M, shiny|100/100\n|move|p2a: Sonso|Scald|p1a: Dragapult\n|-resisted|p1a: Dragapult\n|-damage|p1a: Dragapult|83/100\n|\n|-weather|Sandstorm|[upkeep]\n|-damage|p2a: Sonso|21/100|[from] Sandstorm\n|-damage|p1a: Dragapult|77/100|[from] Sandstorm\n|upkeep\n|turn|7\n|\n|t:|1791002198\n|switch|p2a: Gorra|Hatterene, F|100/100\n|move|p1a: Dragapult|Dragon Dance|p1a: Dragapult\n|-boost|p1a: Dragapult|atk|1\n|-boost|p1a: Dragapult|spe|1\n|\n|-weather|Sandstorm|[upkeep]\n|-damage|p2a: Gorra|95/100|[from] Sandstorm\n|-damage|p1a: Dragapult|71/100|[from] Sandstorm\n|upkeep\n|turn|8\n|\n|t:|1791002206\n|switch|p1a: Golurk|Golurk, shiny|100/100\n|move|p2a: Gorra|Draining Kiss|p1a: Golurk\n|-damage|p1a: Golurk|72/100\n|-heal|p2a: Gorra|100/100|[from] drain|[of] p1a: Golurk\n|\n|-weather|none\n|-fieldend|move: Trick Room\n|upkeep\n|turn|9\n|\n|t:|1791002213\n|switch|p2a: Sonso|Slowbro, M|54/100\n|move|p1a: Golurk|Trick|p2a: Sonso\n|-activate|p1a: Golurk|move: Trick|[of] p2a: Sonso\n|-item|p2a: Sonso|Choice Band|[from] move: Trick\n|-enditem|p1a: Golurk|Choice Band|[silent]|[from] move: Trick\n|\n|upkeep\n|turn|10\n|\n|t:|1791002223\n|move|p1a: Golurk|Poltergeist|p2a: Sonso\n|-activate|p2a: Sonso|move: Poltergeist|Choice Band\n|-supereffective|p2a: Sonso\n|-damage|p2a: Sonso|0 fnt\n|faint|p2a: Sonso\n|\n|upkeep\n|\n|t:|1791002230\n|switch|p2a: Sharko|Garchomp, M|100/100\n|turn|11\n|\n|t:|1791002235\n|switch|p1a: Tyranitar|Tyranitar, M, shiny|17/100\n|-weather|Sandstorm|[from] ability: Sand Stream|[of] p1a: Tyranitar\n|move|p2a: Sharko|Swords Dance|p2a: Sharko\n|-boost|p2a: Sharko|atk|2\n|\n|-weather|Sandstorm|[upkeep]\n|upkeep\n|turn|12\n|\n|t:|1791002243\n|move|p2a: Sharko|Scale Shot|p1a: Tyranitar\n|-damage|p1a: Tyranitar|0 fnt\n|faint|p1a: Tyranitar\n|-hitcount|p1: Tyranitar|1\n|-unboost|p2a: Sharko|def|1\n|-boost|p2a: Sharko|spe|1\n|\n|-weather|Sandstorm|[upkeep]\n|upkeep\n|\n|t:|1791002249\n|switch|p1a: Dragapult|Dragapult, M, shiny|71/100\n|turn|13\n|\n|t:|1791002252\n|move|p1a: Dragapult|Sucker Punch|p2a: Sharko\n|-damage|p2a: Sharko|48/100\n|-damage|p1a: Dragapult|59/100|[from] ability: Rough Skin|[of] p2a: Sharko\n|-damage|p1a: Dragapult|49/100|[from] item: Life Orb\n|move|p2a: Sharko|Earthquake|p1a: Dragapult\n|-damage|p1a: Dragapult|0 fnt\n|faint|p1a: Dragapult\n|\n|-weather|Sandstorm|[upkeep]\n|-heal|p2a: Sharko|54/100|[from] item: Leftovers\n|upkeep\n|\n|t:|1791002256\n|switch|p1a: Sandaconda|Sandaconda, M, shiny|100/100\n|turn|14\n|\n|t:|1791002263\n|move|p2a: Sharko|Earthquake|p1a: Sandaconda\n|-damage|p1a: Sandaconda|0 fnt\n|faint|p1a: Sandaconda\n|\n|-weather|Sandstorm|[upkeep]\n|-heal|p2a: Sharko|60/100|[from] item: Leftovers\n|upkeep\n|-message|Carlyle73 forfeited.\n|\n|win|Infernoss\n|raw|Carlyle73's rating: 1282 &rarr; <strong>1264</strong><br />(-18 for losing)\n|raw|Infernoss's rating: 1383 &rarr; <strong>1397</strong><br />(+14 for winning)\n|l|\u2606Carlyle73\n|player|p1|\n", "uploadtime": 1791002272, "views": "3", "formatid": "gen8ou", "rating": 1264, "private": 0, "password": null}