{"id": "gen8ou-2689466465", "format": "[Gen 8] OU", "players": ["md00150028", "Tunderboltz"], "log": "|j|\u2606md00150028\n|j|\u2606Tunderboltz\n|t:|1790633073\n|gametype|singles\n|player|p1|md00150028|psychic|1043\n|player|p2|Tunderboltz|drayton|1288\n|gen|8\n|tier|[Gen 8] OU\n|rated|\n|rule|HP Percentage Mod: HP is shown in percentages\n|rule|Endless Battle Clause: Forcing endless battles is banned\n|rule|Sleep Clause Mod: Limit one foe put to sleep\n|rule|Species Clause: Limit one of each Pok\u00e9mon\n|rule|OHKO Clause: OHKO moves are banned\n|rule|Evasion Items Clause: Evasion items are banned\n|rule|Evasion Moves Clause: Evasion moves are banned\n|rule|Dynamax Clause: You cannot dynamax\n|clearpoke\n|poke|p1|Starmie|\n|poke|p1|Aerodactyl, M|\n|poke|p1|Scyther, M|\n|poke|p1|Mr. Mime, F|\n|poke|p1|Gengar, M|\n|poke|p1|Gyarados, M|\n|poke|p2|Haxorus, M|\n|poke|p2|Hatterene, F|\n|poke|p2|Garchomp, M|\n|poke|p2|Aegislash, M|\n|poke|p2|Urshifu-*, M|\n|poke|p2|Melmetal|\n|teampreview\n|inactive|Battle timer is ON: inactive players will automatically lose when time's up. (requested by Tunderboltz)\n|\n|t:|1790633079\n|teamsize|p1|6\n|teamsize|p2|6\n|start\n|switch|p1a: Starmie|Starmie|100/100\n|switch|p2a: Urshifu|Urshifu-Rapid-Strike, M|100/100\n|turn|1\n|\n|t:|1790633102\n|move|p2a: Urshifu|U-turn|p1a: Starmie\n|-supereffective|p1a: Starmie\n|-damage|p1a: Starmie|23/100\n|\n|t:|1790633104\n|switch|p2a: Aegislash|Aegislash, M|100/100|[from] U-turn\n|move|p1a: Starmie|Meteor Beam||[still]\n|-prepare|p1a: Starmie|Meteor Beam\n|-boost|p1a: Starmie|spa|1\n|-enditem|p1a: Starmie|Power Herb\n|-anim|p1a: Starmie|Meteor Beam|p2a: Aegislash|[miss]\n|-miss|p1a: Starmie|p2a: Aegislash\n|\n|upkeep\n|turn|2\n|\n|t:|1790633109\n|-formechange|p2a: Aegislash|Aegislash-Blade||[from] ability: Stance Change\n|move|p2a: Aegislash|Shadow Sneak|p1a: Starmie\n|-supereffective|p1a: Starmie\n|-damage|p1a: Starmie|0 fnt\n|faint|p1a: Starmie\n|\n|upkeep\n|\n|t:|1790633115\n|switch|p1a: Scyther|Scyther, M|100/100\n|turn|3\n|\n|t:|1790633121\n|move|p1a: Scyther|Swords Dance|p1a: Scyther\n|-boost|p1a: Scyther|atk|2\n|move|p2a: Aegislash|Shadow Ball|p1a: Scyther\n|-damage|p1a: Scyther|57/100\n|-unboost|p1a: Scyther|spd|1\n|\n|upkeep\n|turn|4\n|\n|t:|1790633126\n|-formechange|p2a: Aegislash|Aegislash||[from] ability: Stance Change\n|move|p2a: Aegislash|King's Shield|p2a: Aegislash\n|-singleturn|p2a: Aegislash|Protect\n|move|p1a: Scyther|Swords Dance|p1a: Scyther\n|-boost|p1a: Scyther|atk|2\n|\n|upkeep\n|turn|5\n|\n|t:|1790633129\n|move|p1a: Scyther|Knock Off|p2a: Aegislash\n|-supereffective|p2a: Aegislash\n|-damage|p2a: Aegislash|0 fnt\n|-enditem|p2a: Aegislash|Weakness Policy|[from] move: Knock Off|[of] p1a: Scyther\n|faint|p2a: Aegislash\n|\n|upkeep\n|\n|t:|1790633135\n|switch|p2a: Urshifu|Urshifu-Rapid-Strike, M|100/100\n|turn|6\n|\n|t:|1790633138\n|move|p2a: Urshifu|Surging Strikes|p1a: Scyther\n|-crit|p1a: Scyther\n|-damage|p1a: Scyther|39/100\n|-crit|p1a: Scyther\n|-damage|p1a: Scyther|20/100\n|-crit|p1a: Scyther\n|-damage|p1a: Scyther|2/100\n|-hitcount|p1a: Scyther|3\n|move|p1a: Scyther|Dual Wingbeat|p2a: Urshifu\n|-supereffective|p2a: Urshifu\n|-damage|p2a: Urshifu|0 fnt\n|faint|p2a: Urshifu\n|-hitcount|p2: Urshifu|1\n|\n|upkeep\n|c|\u2606Tunderboltz|ok WHAT?\n|\n|t:|1790633144\n|switch|p2a: Garchomp|Garchomp, M|100/100\n|turn|7\n|c|\u2606md00150028|evolite, son\n|\n|t:|1790633154\n|move|p1a: Scyther|Knock Off|p2a: Garchomp\n|-damage|p2a: Garchomp|27/100\n|-damage|p1a: Scyther|0 fnt|[from] ability: Rough Skin|[of] p2a: Garchomp\n|faint|p1a: Scyther\n|move|p2a: Garchomp|Stealth Rock|p1: Scyther\n|-sidestart|p1: md00150028|move: Stealth Rock\n|\n|-heal|p2a: Garchomp|33/100|[from] item: Leftovers\n|upkeep\n|\n|t:|1790633164\n|switch|p1a: Gengar|Gengar, M|100/100\n|-damage|p1a: Gengar|88/100|[from] Stealth Rock\n|turn|8\n|\n|t:|1790633183\n|move|p1a: Gengar|Shadow Ball|p2a: Garchomp\n|-damage|p2a: Garchomp|6/100\n|move|p2a: Garchomp|Earthquake|p1a: Gengar\n|-supereffective|p1a: Gengar\n|-damage|p1a: Gengar|0 fnt\n|-start|p2a: Garchomp|Disable|Earthquake|[from] ability: Cursed Body|[of] p1a: Gengar\n|faint|p1a: Gengar\n|\n|-heal|p2a: Garchomp|12/100|[from] item: Leftovers\n|upkeep\n|\n|t:|1790633194\n|switch|p1a: Aerodactyl|Aerodactyl, M|100/100\n|-damage|p1a: Aerodactyl|76/100|[from] Stealth Rock\n|-ability|p1a: Aerodactyl|Pressure\n|turn|9\n|\n|t:|1790633197\n|move|p1a: Aerodactyl|Dual Wingbeat|p2a: Garchomp\n|-damage|p2a: Garchomp|0 fnt\n|-damage|p1a: Aerodactyl|63/100|[from] ability: Rough Skin|[of] p2a: Garchomp\n|faint|p2a: Garchomp\n|-hitcount|p2: Garchomp|1\n|\n|upkeep\n|\n|t:|1790633201\n|switch|p2a: Melmetal|Melmetal|100/100\n|turn|10\n|\n|t:|1790633205\n|move|p1a: Aerodactyl|Earthquake|p2a: Melmetal\n|-supereffective|p2a: Melmetal\n|-damage|p2a: Melmetal|63/100\n|move|p2a: Melmetal|Double Iron Bash|p1a: Aerodactyl\n|-supereffective|p1a: Aerodactyl\n|-damage|p1a: Aerodactyl|0 fnt\n|faint|p1a: Aerodactyl\n|-hitcount|p1: Aerodactyl|1\n|\n|-heal|p2a: Melmetal|70/100|[from] item: Leftovers\n|upkeep\n|\n|t:|1790633210\n|switch|p1a: Gyarados|Gyarados, M|100/100\n|-damage|p1a: Gyarados|75/100|[from] Stealth Rock\n|-ability|p1a: Gyarados|Intimidate|boost\n|-unboost|p2a: Melmetal|atk|1\n|turn|11\n|\n|t:|1790633212\n|move|p1a: Gyarados|Dragon Dance|p1a: Gyarados\n|-boost|p1a: Gyarados|atk|1\n|-boost|p1a: Gyarados|spe|1\n|move|p2a: Melmetal|Thunder Punch|p1a: Gyarados\n|-supereffective|p1a: Gyarados\n|-enditem|p1a: Gyarados|Wacan Berry|[eat]\n|-enditem|p1a: Gyarados|Wacan Berry|[weaken]\n|-damage|p1a: Gyarados|13/100\n|\n|-heal|p2a: Melmetal|76/100|[from] item: Leftovers\n|upkeep\n|turn|12\n|\n|t:|1790633215\n|move|p1a: Gyarados|Earthquake|p2a: Melmetal\n|-supereffective|p2a: Melmetal\n|-damage|p2a: Melmetal|19/100\n|move|p2a: Melmetal|Thunder Punch|p1a: Gyarados\n|-supereffective|p1a: Gyarados\n|-damage|p1a: Gyarados|0 fnt\n|faint|p1a: Gyarados\n|\n|-heal|p2a: Melmetal|25/100|[from] item: Leftovers\n|upkeep\n|\n|t:|1790633220\n|switch|p1a: Mr. Mime|Mr. Mime, F|100/100\n|-damage|p1a: Mr. Mime|88/100|[from] Stealth Rock\n|turn|13\n|\n|t:|1790633224\n|move|p1a: Mr. Mime|Mystical Fire|p2a: Melmetal\n|-supereffective|p2a: Melmetal\n|-damage|p2a: Melmetal|0 fnt\n|faint|p2a: Melmetal\n|\n|upkeep\n|\n|t:|1790633226\n|switch|p2a: Haxorus|Haxorus, M, shiny|100/100\n|-ability|p2a: Haxorus|Mold Breaker\n|turn|14\n|\n|t:|1790633231\n|move|p2a: Haxorus|Poison Jab|p1a: Mr. Mime\n|-supereffective|p1a: Mr. Mime\n|-damage|p1a: Mr. Mime|0 fnt\n|faint|p1a: Mr. Mime\n|-damage|p2a: Haxorus|91/100|[from] item: Life Orb\n|\n|win|Tunderboltz\n|raw|md00150028's rating: 1043 &rarr; <strong>1037</strong><br />(-6 for losing)\n|raw|Tunderboltz's rating: 1288 &rarr; <strong>1298</strong><br />(+10 for winning)\n|c|\u2606Tunderboltz|ggwp\n|c|\u2606md00150028|gg\n", "uploadtime": 1790633237, "views": "9", "formatid": "gen8ou", "rating": 1037, "private": 0, "password": null}