{"id": "gen8ou-2693787984", "format": "[Gen 8] OU", "players": ["edgypunishment", "Machom99"], "log": "|j|\u2606edgypunishment\n|j|\u2606Machom99\n|t:|1791293966\n|gametype|singles\n|player|p1|edgypunishment|acetrainer-gen4dp|1141\n|player|p2|Machom99|psychic-gen4|1093\n|gen|8\n|tier|[Gen 8] OU\n|rated|\n|rule|HP Percentage Mod: HP is shown in percentages\n|rule|Endless Battle Clause: Forcing endless battles is banned\n|rule|Sleep Clause Mod: Limit one foe put to sleep\n|rule|Species Clause: Limit one of each Pok\u00e9mon\n|rule|OHKO Clause: OHKO moves are banned\n|rule|Evasion Items Clause: Evasion items are banned\n|rule|Evasion Moves Clause: Evasion moves are banned\n|rule|Dynamax Clause: You cannot dynamax\n|clearpoke\n|poke|p1|Mienshao, F|\n|poke|p1|Gallade, M|\n|poke|p1|Blaziken, F|\n|poke|p1|Toxicroak, F|\n|poke|p1|Scrafty, M|\n|poke|p1|Lucario, F|\n|poke|p2|Regidrago|\n|poke|p2|Regieleki|\n|poke|p2|Registeel|\n|poke|p2|Regirock|\n|poke|p2|Regigigas|\n|poke|p2|Heatran, M|\n|teampreview\n|inactive|Battle timer is ON: inactive players will automatically lose when time's up. (requested by edgypunishment)\n|inactive|Machom99 has 120 seconds left.\n|\n|t:|1791294002\n|teamsize|p1|6\n|teamsize|p2|6\n|start\n|switch|p1a: Mienshao|Mienshao, F|100/100\n|switch|p2a: Regigigas|Regigigas, shiny|100/100\n|-start|p2a: Regigigas|ability: Slow Start\n|turn|1\n|\n|t:|1791294010\n|move|p2a: Regigigas|Protect|p2a: Regigigas\n|-singleturn|p2a: Regigigas|Protect\n|move|p1a: Mienshao|Fake Out|p2a: Regigigas\n|-activate|p2a: Regigigas|move: Protect\n|\n|upkeep\n|turn|2\n|\n|t:|1791294023\n|move|p1a: Mienshao|High Jump Kick|p2a: Regigigas\n|-supereffective|p2a: Regigigas\n|-damage|p2a: Regigigas|0 fnt\n|faint|p2a: Regigigas\n|-end|p2a: Regigigas|Slow Start|[silent]\n|-damage|p1a: Mienshao|91/100|[from] item: Life Orb\n|\n|upkeep\n|\n|t:|1791294044\n|switch|p2a: Regidrago|Regidrago, shiny|100/100\n|turn|3\n|\n|t:|1791294051\n|move|p2a: Regidrago|Dragon Energy|p1a: Mienshao\n|-damage|p1a: Mienshao|0 fnt\n|faint|p1a: Mienshao\n|\n|upkeep\n|\n|t:|1791294057\n|switch|p1a: Lucario|Lucario, F|100/100\n|turn|4\n|\n|t:|1791294075\n|switch|p2a: Regirock|Regirock, shiny|100/100\n|-item|p2a: Regirock|Air Balloon\n|move|p1a: Lucario|Extreme Speed|p2a: Regirock\n|-resisted|p2a: Regirock\n|-crit|p2a: Regirock\n|-damage|p2a: Regirock|90/100\n|-enditem|p2a: Regirock|Air Balloon\n|\n|upkeep\n|turn|5\n|\n|t:|1791294091\n|switch|p1a: Scrafty|Scrafty, M|100/100\n|move|p2a: Regirock|Body Press|p1a: Scrafty\n|-supereffective|p1a: Scrafty\n|-damage|p1a: Scrafty|25/100\n|\n|-heal|p1a: Scrafty|31/100|[from] item: Leftovers\n|upkeep\n|turn|6\n|\n|t:|1791294100\n|move|p1a: Scrafty|Drain Punch|p2a: Regirock\n|-supereffective|p2a: Regirock\n|-damage|p2a: Regirock|57/100\n|-heal|p1a: Scrafty|53/100|[from] drain|[of] p2a: Regirock\n|move|p2a: Regirock|Body Press|p1a: Scrafty\n|-supereffective|p1a: Scrafty\n|-damage|p1a: Scrafty|0 fnt\n|faint|p1a: Scrafty\n|\n|upkeep\n|\n|t:|1791294115\n|switch|p1a: Blaziken|Blaziken, F|100/100\n|turn|7\n|\n|t:|1791294120\n|move|p1a: Blaziken|Close Combat|p2a: Regirock\n|-supereffective|p2a: Regirock\n|-damage|p2a: Regirock|0 fnt\n|-unboost|p1a: Blaziken|def|1\n|-unboost|p1a: Blaziken|spd|1\n|faint|p2a: Regirock\n|\n|-ability|p1a: Blaziken|Speed Boost|boost\n|-boost|p1a: Blaziken|spe|1\n|upkeep\n|\n|t:|1791294126\n|switch|p2a: Regidrago|Regidrago, shiny|100/100\n|turn|8\n|\n|t:|1791294134\n|switch|p1a: Toxicroak|Toxicroak, F|100/100\n|move|p2a: Regidrago|Dragon Energy|p1a: Toxicroak\n|-damage|p1a: Toxicroak|0 fnt\n|-enditem|p1a: Toxicroak|Rowap Berry|[eat]\n|-damage|p2a: Regidrago|88/100|[from] item: Rowap Berry|[of] p1a: Toxicroak\n|faint|p1a: Toxicroak\n|\n|upkeep\n|\n|t:|1791294145\n|switch|p1a: Lucario|Lucario, F|100/100\n|turn|9\n|\n|t:|1791294152\n|move|p2a: Regidrago|Dragon Energy|p1a: Lucario\n|-resisted|p1a: Lucario\n|-damage|p1a: Lucario|32/100\n|move|p1a: Lucario|Swords Dance|p1a: Lucario\n|-boost|p1a: Lucario|atk|2\n|\n|upkeep\n|turn|10\n|\n|t:|1791294159\n|move|p1a: Lucario|Extreme Speed|p2a: Regidrago\n|-damage|p2a: Regidrago|27/100\n|move|p2a: Regidrago|Dragon Energy|p1a: Lucario\n|-resisted|p1a: Lucario\n|-damage|p1a: Lucario|10/100\n|\n|upkeep\n|turn|11\n|\n|t:|1791294167\n|move|p1a: Lucario|Extreme Speed|p2a: Regidrago\n|-damage|p2a: Regidrago|0 fnt\n|faint|p2a: Regidrago\n|\n|upkeep\n|\n|t:|1791294171\n|switch|p2a: Heatran|Heatran, M, shiny|100/100\n|-item|p2a: Heatran|Air Balloon\n|turn|12\n|\n|t:|1791294176\n|move|p1a: Lucario|Close Combat|p2a: Heatran\n|-supereffective|p2a: Heatran\n|-damage|p2a: Heatran|0 fnt\n|-unboost|p1a: Lucario|def|1\n|-unboost|p1a: Lucario|spd|1\n|-enditem|p2a: Heatran|Air Balloon\n|faint|p2a: Heatran\n|\n|upkeep\n|\n|t:|1791294178\n|switch|p2a: Regieleki|Regieleki, shiny|100/100\n|turn|13\n|\n|t:|1791294186\n|move|p1a: Lucario|Extreme Speed|p2a: Regieleki\n|-damage|p2a: Regieleki|0 fnt\n|faint|p2a: Regieleki\n|\n|upkeep\n|\n|t:|1791294188\n|switch|p2a: Registeel|Registeel, shiny|100/100\n|turn|14\n|\n|t:|1791294195\n|move|p1a: Lucario|Close Combat|p2a: Registeel\n|-supereffective|p2a: Registeel\n|-damage|p2a: Registeel|0 fnt\n|-unboost|p1a: Lucario|def|1\n|-unboost|p1a: Lucario|spd|1\n|faint|p2a: Registeel\n|\n|win|edgypunishment\n|raw|edgypunishment's rating: 1141 &rarr; <strong>1163</strong><br />(+22 for winning)\n|raw|Machom99's rating: 1093 &rarr; <strong>1072</strong><br />(-21 for losing)\n|l|\u2606Machom99\n|player|p2|\n", "uploadtime": 1791294205, "views": "1", "formatid": "gen8ou", "rating": 1072, "private": 0, "password": null}