{"id": "gen8ou-2695192761", "format": "[Gen 8] OU", "players": ["rnd0mnme", "milliongatejumpguy"], "log": "|badge|p2|bronze|gen9nu|100-11\n|uhtml|medal-msg|<div class=\"broadcast-blue\">Curious what those medals under the avatar are? PS now has Ladder Seasons! For more information, check out the <a href=\"https://www.smogon.com/forums/threads/3740067/\">thread on Smogon.</a></div>\n|j|\u2606rnd0mnme\n|j|\u2606milliongatejumpguy\n|t:|1791491536\n|gametype|singles\n|player|p1|rnd0mnme|pokemonbreederf-gen3frlg|\n|player|p2|milliongatejumpguy|dawn-gen4pt|\n|gen|8\n|tier|[Gen 8] OU\n|rated|Tournament battle\n|rule|HP Percentage Mod: HP is shown in percentages\n|rule|Endless Battle Clause: Forcing endless battles is banned\n|rule|Sleep Clause Mod: Limit one foe put to sleep\n|rule|Species Clause: Limit one of each Pok\u00e9mon\n|rule|OHKO Clause: OHKO moves are banned\n|rule|Evasion Items Clause: Evasion items are banned\n|rule|Evasion Moves Clause: Evasion moves are banned\n|rule|Dynamax Clause: You cannot dynamax\n|clearpoke\n|poke|p1|Toxapex, F|\n|poke|p1|Tornadus-Therian, M|\n|poke|p1|Jirachi|\n|poke|p1|Nidoking, M|\n|poke|p1|Slowbro, M|\n|poke|p1|Weavile, F|\n|poke|p2|Dragapult, F|\n|poke|p2|Urshifu-*, F|\n|poke|p2|Tapu Lele|\n|poke|p2|Landorus-Therian, M|\n|poke|p2|Zapdos|\n|poke|p2|Melmetal|\n|teampreview\n|inactive|Battle timer is ON: inactive players will automatically lose when time's up. (requested by rnd0mnme)\n|c|\u2606milliongatejumpguy|glhf\n|c|\u2606rnd0mnme|glhf!\n|\n|t:|1791491551\n|teamsize|p1|6\n|teamsize|p2|6\n|start\n|switch|p1a: Nidoking|Nidoking, M|100/100\n|switch|p2a: Landorus|Landorus-Therian, M|100/100\n|-ability|p2a: Landorus|Intimidate|boost\n|-unboost|p1a: Nidoking|atk|1\n|turn|1\n|j| Skittyrox\n|j| igiveuponaname\n|\n|t:|1791491574\n|switch|p1a: Slowbro|Slowbro, M|100/100\n|switch|p2a: Tapu Lele|Tapu Lele|100/100\n|-fieldstart|move: Psychic Terrain|[from] ability: Psychic Surge|[of] p2a: Tapu Lele\n|\n|upkeep\n|turn|2\n|inactive|milliongatejumpguy has 120 seconds left.\n|l| Skittyrox\n|\n|t:|1791491601\n|switch|p1a: Jirachi|Jirachi|100/100\n|move|p2a: Tapu Lele|Moonblast|p1a: Jirachi\n|-resisted|p1a: Jirachi\n|-damage|p1a: Jirachi|84/100\n|-unboost|p1a: Jirachi|spa|1\n|\n|-heal|p1a: Jirachi|91/100|[from] item: Leftovers\n|upkeep\n|turn|3\n|\n|t:|1791491609\n|switch|p2a: Landorus|Landorus-Therian, M|100/100\n|-ability|p2a: Landorus|Intimidate|boost\n|-unboost|p1a: Jirachi|atk|1\n|move|p1a: Jirachi|Body Slam|p2a: Landorus\n|-damage|p2a: Landorus|88/100\n|-status|p2a: Landorus|par\n|\n|-heal|p1a: Jirachi|97/100|[from] item: Leftovers\n|-heal|p2a: Landorus|94/100 par|[from] item: Leftovers\n|upkeep\n|turn|4\n|\n|t:|1791491615\n|switch|p1a: Slowbro|Slowbro, M|100/100\n|cant|p2a: Landorus|par\n|\n|-heal|p2a: Landorus|99/100 par|[from] item: Leftovers\n|upkeep\n|turn|5\n|\n|t:|1791491623\n|switch|p2a: Dragapult|Dragapult, F|100/100\n|move|p1a: Slowbro|Future Sight|p2a: Dragapult\n|-start|p1a: Slowbro|move: Future Sight\n|\n|-fieldend|move: Psychic Terrain\n|upkeep\n|turn|6\n|\n|t:|1791491641\n|switch|p1a: Toxapex|Toxapex, F|100/100\n|move|p2a: Dragapult|U-turn|p1a: Toxapex\n|-resisted|p1a: Toxapex\n|-damage|p1a: Toxapex|94/100\n|\n|t:|1791491651\n|switch|p2a: Melmetal|Melmetal|100/100|[from] U-turn\n|\n|upkeep\n|turn|7\n|\n|t:|1791491683\n|move|p2a: Melmetal|Double Iron Bash|p1a: Toxapex\n|-resisted|p1a: Toxapex\n|-damage|p1a: Toxapex|76/100\n|-resisted|p1a: Toxapex\n|-damage|p1a: Toxapex|58/100\n|-hitcount|p1a: Toxapex|2\n|cant|p1a: Toxapex|flinch\n|\n|-end|p2a: Melmetal|move: Future Sight\n|-resisted|p2a: Melmetal\n|-damage|p2a: Melmetal|81/100\n|-heal|p2a: Melmetal|87/100|[from] item: Leftovers\n|upkeep\n|turn|8\n|\n|t:|1791491691\n|switch|p1a: Slowbro|Slowbro, M|100/100\n|move|p2a: Melmetal|Earthquake|p1a: Slowbro\n|-damage|p1a: Slowbro|75/100\n|\n|-heal|p2a: Melmetal|93/100|[from] item: Leftovers\n|upkeep\n|turn|9\n|\n|t:|1791491699\n|move|p2a: Melmetal|Toxic|p1a: Slowbro\n|-status|p1a: Slowbro|tox\n|move|p1a: Slowbro|Teleport|p1a: Slowbro\n|\n|t:|1791491712\n|switch|p1a: Nidoking|Nidoking, M|100/100|[from] Teleport\n|\n|-heal|p2a: Melmetal|99/100|[from] item: Leftovers\n|upkeep\n|turn|10\n|\n|t:|1791491721\n|switch|p2a: Landorus|Landorus-Therian, M|99/100 par\n|-ability|p2a: Landorus|Intimidate|boost\n|-unboost|p1a: Nidoking|atk|1\n|move|p1a: Nidoking|Earth Power|p2a: Landorus\n|-immune|p2a: Landorus\n|\n|-heal|p2a: Landorus|100/100 par|[from] item: Leftovers\n|upkeep\n|turn|11\n|\n|t:|1791491733\n|switch|p1a: Slowbro|Slowbro, M|100/100 tox\n|switch|p2a: Urshifu|Urshifu-Rapid-Strike, F|100/100\n|\n|-damage|p1a: Slowbro|94/100 tox|[from] psn\n|upkeep\n|turn|12\n|\n|t:|1791491738\n|move|p2a: Urshifu|U-turn|p1a: Slowbro\n|-supereffective|p1a: Slowbro\n|-damage|p1a: Slowbro|48/100 tox\n|j| Zokuru\n|\n|t:|1791491746\n|switch|p2a: Tapu Lele|Tapu Lele|100/100|[from] U-turn\n|-fieldstart|move: Psychic Terrain|[from] ability: Psychic Surge|[of] p2a: Tapu Lele\n|move|p1a: Slowbro|Future Sight|p2a: Tapu Lele\n|-start|p1a: Slowbro|move: Future Sight\n|\n|-damage|p1a: Slowbro|36/100 tox|[from] psn\n|upkeep\n|turn|13\n|c|\u2606rnd0mnme|would be nice if my nido had ibeam back there\n|inactive|milliongatejumpguy has 120 seconds left.\n|l| igiveuponaname\n|\n|t:|1791491789\n|switch|p1a: Jirachi|Jirachi|97/100\n|move|p2a: Tapu Lele|Thunderbolt|p1a: Jirachi\n|-damage|p1a: Jirachi|76/100\n|\n|-heal|p1a: Jirachi|82/100|[from] item: Leftovers\n|upkeep\n|turn|14\n|\n|t:|1791491799\n|switch|p2a: Melmetal|Melmetal|99/100\n|move|p1a: Jirachi|Body Slam|p2a: Melmetal\n|-resisted|p2a: Melmetal\n|-damage|p2a: Melmetal|94/100\n|\n|-end|p2a: Melmetal|move: Future Sight\n|-resisted|p2a: Melmetal\n|-damage|p2a: Melmetal|71/100\n|-heal|p1a: Jirachi|89/100|[from] item: Leftovers\n|-heal|p2a: Melmetal|77/100|[from] item: Leftovers\n|upkeep\n|turn|15\n|inactive|milliongatejumpguy has 120 seconds left.\n|\n|t:|1791491810\n|move|p1a: Jirachi|Body Slam|p2a: Melmetal\n|-resisted|p2a: Melmetal\n|-damage|p2a: Melmetal|71/100\n|-status|p2a: Melmetal|par\n|move|p2a: Melmetal|Double Iron Bash|p1a: Jirachi\n|-resisted|p1a: Jirachi\n|-damage|p1a: Jirachi|69/100\n|-resisted|p1a: Jirachi\n|-damage|p1a: Jirachi|51/100\n|-hitcount|p1a: Jirachi|2\n|\n|-heal|p1a: Jirachi|58/100|[from] item: Leftovers\n|-heal|p2a: Melmetal|77/100 par|[from] item: Leftovers\n|upkeep\n|turn|16\n|\n|t:|1791491818\n|move|p1a: Jirachi|Protect|p1a: Jirachi\n|-singleturn|p1a: Jirachi|Protect\n|move|p2a: Melmetal|Double Iron Bash|p1a: Jirachi\n|-activate|p1a: Jirachi|move: Protect\n|\n|-heal|p1a: Jirachi|64/100|[from] item: Leftovers\n|-heal|p2a: Melmetal|84/100 par|[from] item: Leftovers\n|-fieldend|move: Psychic Terrain\n|upkeep\n|turn|17\n|j|@Aristrea\n|\n|t:|1791491825\n|switch|p1a: Slowbro|Slowbro, M|69/100 tox\n|move|p2a: Melmetal|Earthquake|p1a: Slowbro\n|-damage|p1a: Slowbro|47/100 tox\n|\n|-heal|p2a: Melmetal|90/100 par|[from] item: Leftovers\n|-damage|p1a: Slowbro|40/100 tox|[from] psn\n|upkeep\n|turn|18\n|j| efjfenjeqw\n|\n|t:|1791491831\n|move|p2a: Melmetal|Earthquake|p1a: Slowbro\n|-damage|p1a: Slowbro|16/100 tox\n|move|p1a: Slowbro|Slack Off|p1a: Slowbro\n|-heal|p1a: Slowbro|66/100 tox\n|\n|-heal|p2a: Melmetal|96/100 par|[from] item: Leftovers\n|-damage|p1a: Slowbro|53/100 tox|[from] psn\n|upkeep\n|turn|19\n|\n|t:|1791491841\n|move|p2a: Melmetal|Double Iron Bash|p1a: Slowbro\n|-resisted|p1a: Slowbro\n|-damage|p1a: Slowbro|40/100 tox\n|-resisted|p1a: Slowbro\n|-damage|p1a: Slowbro|28/100 tox\n|-hitcount|p1a: Slowbro|2\n|move|p1a: Slowbro|Teleport|p1a: Slowbro\n|\n|t:|1791491851\n|switch|p1a: Nidoking|Nidoking, M|100/100|[from] Teleport\n|\n|-heal|p2a: Melmetal|100/100 par|[from] item: Leftovers\n|upkeep\n|turn|20\n|\n|t:|1791491858\n|switch|p2a: Landorus|Landorus-Therian, M|100/100 par\n|-ability|p2a: Landorus|Intimidate|boost\n|-unboost|p1a: Nidoking|atk|1\n|move|p1a: Nidoking|Flamethrower|p2a: Landorus\n|-damage|p2a: Landorus|70/100 par\n|\n|-heal|p2a: Landorus|76/100 par|[from] item: Leftovers\n|upkeep\n|turn|21\n|\n|t:|1791491863\n|switch|p1a: Tornadus|Tornadus-Therian, M|100/100\n|cant|p2a: Landorus|par\n|\n|-heal|p2a: Landorus|82/100 par|[from] item: Leftovers\n|upkeep\n|turn|22\n|\n|t:|1791491868\n|switch|p2a: Zapdos|Zapdos|100/100\n|move|p1a: Tornadus|Knock Off|p2a: Zapdos\n|-damage|p2a: Zapdos|75/100\n|-enditem|p2a: Zapdos|Heavy-Duty Boots|[from] move: Knock Off|[of] p1a: Tornadus\n|\n|upkeep\n|turn|23\n|\n|t:|1791491876\n|switch|p1a: Jirachi|Jirachi|64/100\n|move|p2a: Zapdos|Hurricane|p1a: Jirachi\n|-resisted|p1a: Jirachi\n|-damage|p1a: Jirachi|46/100\n|-start|p1a: Jirachi|confusion\n|\n|-heal|p1a: Jirachi|52/100|[from] item: Leftovers\n|upkeep\n|turn|24\n|\n|t:|1791491890\n|-activate|p1a: Jirachi|confusion\n|move|p1a: Jirachi|Protect|p1a: Jirachi\n|-singleturn|p1a: Jirachi|Protect\n|move|p2a: Zapdos|Volt Switch|p1a: Jirachi\n|-activate|p1a: Jirachi|move: Protect\n|\n|-heal|p1a: Jirachi|59/100|[from] item: Leftovers\n|upkeep\n|turn|25\n|\n|t:|1791491896\n|move|p2a: Zapdos|Heat Wave|p1a: Jirachi\n|-supereffective|p1a: Jirachi\n|-damage|p1a: Jirachi|20/100\n|-activate|p1a: Jirachi|confusion\n|move|p1a: Jirachi|Wish|p1a: Jirachi\n|\n|-heal|p1a: Jirachi|26/100|[from] item: Leftovers\n|upkeep\n|turn|26\n|\n|t:|1791491906\n|-activate|p1a: Jirachi|confusion\n|move|p1a: Jirachi|Protect|p1a: Jirachi\n|-singleturn|p1a: Jirachi|Protect\n|move|p2a: Zapdos|Heat Wave|p1a: Jirachi\n|-activate|p1a: Jirachi|move: Protect\n|\n|-heal|p1a: Jirachi|76/100|[from] move: Wish|[wisher] Jirachi\n|-heal|p1a: Jirachi|82/100|[from] item: Leftovers\n|upkeep\n|turn|27\n|\n|t:|1791491922\n|switch|p1a: Toxapex|Toxapex, F|91/100\n|move|p2a: Zapdos|Volt Switch|p1a: Toxapex\n|-supereffective|p1a: Toxapex\n|-damage|p1a: Toxapex|49/100\n|\n|t:|1791491928\n|switch|p2a: Landorus|Landorus-Therian, M|82/100 par|[from] Volt Switch\n|-ability|p2a: Landorus|Intimidate|boost\n|-unboost|p1a: Toxapex|atk|1\n|\n|-heal|p2a: Landorus|88/100 par|[from] item: Leftovers\n|upkeep\n|turn|28\n|\n|t:|1791491936\n|switch|p1a: Tornadus|Tornadus-Therian, M|100/100\n|move|p2a: Landorus|Stealth Rock|p1a: Tornadus\n|-sidestart|p1: rnd0mnme|move: Stealth Rock\n|\n|-heal|p2a: Landorus|94/100 par|[from] item: Leftovers\n|upkeep\n|turn|29\n|\n|t:|1791491941\n|switch|p2a: Zapdos|Zapdos|75/100\n|move|p1a: Tornadus|Knock Off|p2a: Zapdos\n|-damage|p2a: Zapdos|60/100\n|\n|upkeep\n|turn|30\n|\n|t:|1791491945\n|move|p1a: Tornadus|U-turn|p2a: Zapdos\n|-resisted|p2a: Zapdos\n|-damage|p2a: Zapdos|51/100\n|n| cdhechbe|efjfenjeqw\n|\n|t:|1791491958\n|switch|p1a: Nidoking|Nidoking, M|100/100|[from] U-turn\n|-damage|p1a: Nidoking|95/100|[from] Stealth Rock\n|move|p2a: Zapdos|Roost|p2a: Zapdos\n|-heal|p2a: Zapdos|100/100\n|-singleturn|p2a: Zapdos|move: Roost\n|\n|upkeep\n|turn|31\n|c|\u2606milliongatejumpguy|I might have loaded pressure Zapdos\n|\n|t:|1791491972\n|switch|p2a: Landorus|Landorus-Therian, M|94/100 par\n|-ability|p2a: Landorus|Intimidate|boost\n|-unboost|p1a: Nidoking|atk|1\n|move|p1a: Nidoking|Sludge Wave|p2a: Landorus\n|-resisted|p2a: Landorus\n|-damage|p2a: Landorus|72/100 par\n|\n|-heal|p2a: Landorus|78/100 par|[from] item: Leftovers\n|upkeep\n|turn|32\n|\n|t:|1791491979\n|switch|p1a: Tornadus|Tornadus-Therian, M|100/100\n|cant|p2a: Landorus|par\n|\n|-heal|p2a: Landorus|84/100 par|[from] item: Leftovers\n|upkeep\n|turn|33\n|\n|t:|1791491986\n|switch|p2a: Zapdos|Zapdos|100/100\n|move|p1a: Tornadus|U-turn|p2a: Zapdos\n|-resisted|p2a: Zapdos\n|-crit|p2a: Zapdos\n|-damage|p2a: Zapdos|87/100\n|\n|t:|1791491992\n|switch|p1a: Weavile|Weavile, F|100/100|[from] U-turn\n|-ability|p1a: Weavile|Pressure\n|\n|upkeep\n|turn|34\n|\n|t:|1791492016\n|switch|p2a: Urshifu|Urshifu-Rapid-Strike, F|100/100\n|move|p1a: Weavile|Triple Axel|p2a: Urshifu\n|-resisted|p2a: Urshifu\n|-damage|p2a: Urshifu|96/100\n|-resisted|p2a: Urshifu\n|-damage|p2a: Urshifu|86/100\n|-resisted|p2a: Urshifu\n|-damage|p2a: Urshifu|72/100\n|-hitcount|p2a: Urshifu|3\n|\n|upkeep\n|turn|35\n|\n|t:|1791492022\n|switch|p1a: Toxapex|Toxapex, F|82/100\n|-damage|p1a: Toxapex|70/100|[from] Stealth Rock\n|move|p2a: Urshifu|U-turn|p1a: Toxapex\n|-resisted|p1a: Toxapex\n|-damage|p1a: Toxapex|57/100\n|inactive|milliongatejumpguy has 120 seconds left.\n|\n|t:|1791492053\n|switch|p2a: Landorus|Landorus-Therian, M|84/100 par|[from] U-turn\n|-ability|p2a: Landorus|Intimidate|boost\n|-unboost|p1a: Toxapex|atk|1\n|\n|-heal|p2a: Landorus|90/100 par|[from] item: Leftovers\n|upkeep\n|turn|36\n|\n|t:|1791492074\n|switch|p1a: Tornadus|Tornadus-Therian, M|100/100\n|move|p2a: Landorus|Knock Off|p1a: Tornadus\n|-damage|p1a: Tornadus|69/100\n|-enditem|p1a: Tornadus|Heavy-Duty Boots|[from] move: Knock Off|[of] p2a: Landorus\n|\n|-heal|p2a: Landorus|96/100 par|[from] item: Leftovers\n|upkeep\n|turn|37\n|\n|t:|1791492081\n|switch|p2a: Zapdos|Zapdos|87/100\n|move|p1a: Tornadus|Defog|p2a: Zapdos\n|-unboost|p2a: Zapdos|evasion|1\n|-sideend|p1: rnd0mnme|Stealth Rock|[from] move: Defog|[of] p1a: Tornadus\n|\n|upkeep\n|turn|38\n|\n|t:|1791492088\n|switch|p1a: Jirachi|Jirachi|82/100\n|move|p2a: Zapdos|Hurricane|p1a: Jirachi|[miss]\n|-miss|p2a: Zapdos|p1a: Jirachi\n|\n|-heal|p1a: Jirachi|88/100|[from] item: Leftovers\n|upkeep\n|turn|39\n|\n|t:|1791492092\n|switch|p2a: Landorus|Landorus-Therian, M|96/100 par\n|-ability|p2a: Landorus|Intimidate|boost\n|-unboost|p1a: Jirachi|atk|1\n|move|p1a: Jirachi|Protect||[still]\n|-fail|p1a: Jirachi\n|\n|-heal|p1a: Jirachi|94/100|[from] item: Leftovers\n|-heal|p2a: Landorus|100/100 par|[from] item: Leftovers\n|upkeep\n|turn|40\n|\n|t:|1791492104\n|switch|p1a: Slowbro|Slowbro, M|61/100 tox\n|move|p2a: Landorus|Stealth Rock|p1a: Slowbro\n|-sidestart|p1: rnd0mnme|move: Stealth Rock\n|\n|-damage|p1a: Slowbro|55/100 tox|[from] psn\n|upkeep\n|turn|41\n|\n|t:|1791492118\n|move|p2a: Landorus|U-turn|p1a: Slowbro\n|-supereffective|p1a: Slowbro\n|-damage|p1a: Slowbro|28/100 tox\n|\n|t:|1791492126\n|switch|p2a: Dragapult|Dragapult, F|100/100|[from] U-turn\n|move|p1a: Slowbro|Future Sight|p2a: Dragapult\n|-start|p1a: Slowbro|move: Future Sight\n|\n|-damage|p1a: Slowbro|16/100 tox|[from] psn\n|upkeep\n|turn|42\n|\n|t:|1791492142\n|switch|p1a: Toxapex|Toxapex, F|91/100\n|-damage|p1a: Toxapex|78/100|[from] Stealth Rock\n|move|p2a: Dragapult|Shadow Ball|p1a: Toxapex\n|-damage|p1a: Toxapex|42/100\n|\n|upkeep\n|turn|43\n|j| redeeming love\n|l| redeeming love\n|inactive|milliongatejumpguy has 120 seconds left.\n|\n|t:|1791492180\n|switch|p2a: Tapu Lele|Tapu Lele|100/100\n|-fieldstart|move: Psychic Terrain|[from] ability: Psychic Surge|[of] p2a: Tapu Lele\n|move|p1a: Toxapex|Recover|p1a: Toxapex\n|-heal|p1a: Toxapex|92/100\n|\n|-end|p2a: Tapu Lele|move: Future Sight\n|-resisted|p2a: Tapu Lele\n|-damage|p2a: Tapu Lele|72/100\n|upkeep\n|turn|44\n|inactive|milliongatejumpguy has 120 seconds left.\n|\n|t:|1791492192\n|switch|p2a: Dragapult|Dragapult, F|100/100\n|switch|p1a: Jirachi|Jirachi|94/100\n|-damage|p1a: Jirachi|88/100|[from] Stealth Rock\n|\n|-heal|p1a: Jirachi|94/100|[from] item: Leftovers\n|upkeep\n|turn|45\n|\n|t:|1791492202\n|move|p1a: Jirachi|Protect|p1a: Jirachi\n|-singleturn|p1a: Jirachi|Protect\n|move|p2a: Dragapult|Shadow Ball|p1a: Jirachi\n|-activate|p1a: Jirachi|move: Protect\n|\n|-heal|p1a: Jirachi|100/100|[from] item: Leftovers\n|upkeep\n|turn|46\n|\n|t:|1791492211\n|switch|p1a: Weavile|Weavile, F|100/100\n|-ability|p1a: Weavile|Pressure\n|move|p2a: Dragapult|Shadow Ball|p1a: Weavile\n|-resisted|p1a: Weavile\n|-damage|p1a: Weavile|63/100\n|\n|upkeep\n|turn|47\n|\n|t:|1791492221\n|switch|p2a: Urshifu|Urshifu-Rapid-Strike, F|72/100\n|move|p1a: Weavile|Knock Off|p2a: Urshifu\n|-resisted|p2a: Urshifu\n|-damage|p2a: Urshifu|49/100\n|-enditem|p2a: Urshifu|Choice Band|[from] move: Knock Off|[of] p1a: Weavile\n|\n|-fieldend|move: Psychic Terrain\n|upkeep\n|turn|48\n|\n|t:|1791492229\n|switch|p1a: Toxapex|Toxapex, F|100/100\n|-damage|p1a: Toxapex|88/100|[from] Stealth Rock\n|move|p2a: Urshifu|U-turn|p1a: Toxapex\n|-resisted|p1a: Toxapex\n|-damage|p1a: Toxapex|80/100\n|\n|t:|1791492253\n|switch|p2a: Melmetal|Melmetal|100/100 par|[from] U-turn\n|\n|upkeep\n|turn|49\n|\n|t:|1791492273\n|move|p1a: Toxapex|Scald|p2a: Melmetal\n|-damage|p2a: Melmetal|85/100 par\n|move|p2a: Melmetal|Earthquake|p1a: Toxapex\n|-supereffective|p1a: Toxapex\n|-damage|p1a: Toxapex|16/100\n|\n|-heal|p2a: Melmetal|91/100 par|[from] item: Leftovers\n|upkeep\n|turn|50\n|\n|t:|1791492290\n|switch|p1a: Jirachi|Jirachi|100/100\n|-damage|p1a: Jirachi|94/100|[from] Stealth Rock\n|cant|p2a: Melmetal|par\n|\n|-heal|p1a: Jirachi|100/100|[from] item: Leftovers\n|-heal|p2a: Melmetal|98/100 par|[from] item: Leftovers\n|upkeep\n|turn|51\n|\n|t:|1791492298\n|move|p1a: Jirachi|Iron Head|p2a: Melmetal\n|-resisted|p2a: Melmetal\n|-damage|p2a: Melmetal|89/100 par\n|cant|p2a: Melmetal|flinch\n|\n|-heal|p2a: Melmetal|95/100 par|[from] item: Leftovers\n|upkeep\n|turn|52\n|\n|t:|1791492314\n|move|p1a: Jirachi|Iron Head|p2a: Melmetal\n|-resisted|p2a: Melmetal\n|-damage|p2a: Melmetal|87/100 par\n|cant|p2a: Melmetal|flinch\n|\n|-heal|p2a: Melmetal|93/100 par|[from] item: Leftovers\n|upkeep\n|turn|53\n|\n|t:|1791492320\n|move|p1a: Jirachi|Protect|p1a: Jirachi\n|-singleturn|p1a: Jirachi|Protect\n|move|p2a: Melmetal|Earthquake|p1a: Jirachi\n|-activate|p1a: Jirachi|move: Protect\n|\n|-heal|p2a: Melmetal|99/100 par|[from] item: Leftovers\n|upkeep\n|turn|54\n|\n|t:|1791492325\n|switch|p1a: Slowbro|Slowbro, M|49/100 tox\n|-damage|p1a: Slowbro|37/100 tox|[from] Stealth Rock\n|move|p2a: Melmetal|Earthquake|p1a: Slowbro\n|-damage|p1a: Slowbro|13/100 tox\n|\n|-heal|p2a: Melmetal|100/100 par|[from] item: Leftovers\n|-damage|p1a: Slowbro|7/100 tox|[from] psn\n|upkeep\n|turn|55\n|\n|t:|1791492332\n|switch|p1a: Jirachi|Jirachi|100/100\n|-damage|p1a: Jirachi|94/100|[from] Stealth Rock\n|cant|p2a: Melmetal|par\n|\n|-heal|p1a: Jirachi|100/100|[from] item: Leftovers\n|upkeep\n|turn|56\n|\n|t:|1791492339\n|move|p1a: Jirachi|Wish|p1a: Jirachi\n|move|p2a: Melmetal|Earthquake|p1a: Jirachi\n|-supereffective|p1a: Jirachi\n|-damage|p1a: Jirachi|32/100\n|\n|-heal|p1a: Jirachi|38/100|[from] item: Leftovers\n|upkeep\n|turn|57\n|\n|t:|1791492346\n|switch|p2a: Dragapult|Dragapult, F|100/100\n|move|p1a: Jirachi|Protect||[still]\n|-fail|p1a: Jirachi\n|\n|-heal|p1a: Jirachi|88/100|[from] move: Wish|[wisher] Jirachi\n|-heal|p1a: Jirachi|95/100|[from] item: Leftovers\n|upkeep\n|turn|58\n|\n|t:|1791492352\n|move|p1a: Jirachi|Protect|p1a: Jirachi\n|-singleturn|p1a: Jirachi|Protect\n|move|p2a: Dragapult|Shadow Ball|p1a: Jirachi\n|-activate|p1a: Jirachi|move: Protect\n|\n|-heal|p1a: Jirachi|100/100|[from] item: Leftovers\n|upkeep\n|turn|59\n|\n|t:|1791492369\n|move|p2a: Dragapult|Shadow Ball|p1a: Jirachi\n|-supereffective|p1a: Jirachi\n|-damage|p1a: Jirachi|23/100\n|move|p1a: Jirachi|Iron Head|p2a: Dragapult\n|-damage|p2a: Dragapult|63/100\n|\n|-heal|p1a: Jirachi|29/100|[from] item: Leftovers\n|upkeep\n|turn|60\n|\n|t:|1791492374\n|move|p1a: Jirachi|Protect|p1a: Jirachi\n|-singleturn|p1a: Jirachi|Protect\n|move|p2a: Dragapult|Shadow Ball|p1a: Jirachi\n|-activate|p1a: Jirachi|move: Protect\n|\n|-heal|p1a: Jirachi|35/100|[from] item: Leftovers\n|upkeep\n|turn|61\n|\n|t:|1791492388\n|switch|p1a: Weavile|Weavile, F|63/100\n|-ability|p1a: Weavile|Pressure\n|move|p2a: Dragapult|Shadow Ball|p1a: Weavile\n|-resisted|p1a: Weavile\n|-damage|p1a: Weavile|25/100\n|\n|upkeep\n|turn|62\n|\n|t:|1791492400\n|switch|p2a: Urshifu|Urshifu-Rapid-Strike, F|49/100\n|move|p1a: Weavile|Knock Off|p2a: Urshifu\n|-resisted|p2a: Urshifu\n|-damage|p2a: Urshifu|33/100\n|\n|upkeep\n|turn|63\n|\n|t:|1791492405\n|switch|p1a: Toxapex|Toxapex, F|50/100\n|-damage|p1a: Toxapex|37/100|[from] Stealth Rock\n|move|p2a: Urshifu|Surging Strikes|p1a: Toxapex\n|-resisted|p1a: Toxapex\n|-crit|p1a: Toxapex\n|-damage|p1a: Toxapex|30/100\n|-resisted|p1a: Toxapex\n|-crit|p1a: Toxapex\n|-damage|p1a: Toxapex|23/100\n|-resisted|p1a: Toxapex\n|-crit|p1a: Toxapex\n|-damage|p1a: Toxapex|15/100\n|-hitcount|p1a: Toxapex|3\n|\n|upkeep\n|turn|64\n|\n|t:|1791492415\n|switch|p1a: Slowbro|Slowbro, M|40/100 tox\n|-damage|p1a: Slowbro|27/100 tox|[from] Stealth Rock\n|move|p2a: Urshifu|Surging Strikes|p1a: Slowbro\n|-resisted|p1a: Slowbro\n|-crit|p1a: Slowbro\n|-damage|p1a: Slowbro|22/100 tox\n|-resisted|p1a: Slowbro\n|-crit|p1a: Slowbro\n|-damage|p1a: Slowbro|15/100 tox\n|-resisted|p1a: Slowbro\n|-crit|p1a: Slowbro\n|-damage|p1a: Slowbro|10/100 tox\n|-hitcount|p1a: Slowbro|3\n|\n|-damage|p1a: Slowbro|4/100 tox|[from] psn\n|upkeep\n|turn|65\n|\n|t:|1791492419\n|switch|p1a: Toxapex|Toxapex, F|48/100\n|-damage|p1a: Toxapex|36/100|[from] Stealth Rock\n|move|p2a: Urshifu|Surging Strikes|p1a: Toxapex\n|-resisted|p1a: Toxapex\n|-crit|p1a: Toxapex\n|-damage|p1a: Toxapex|29/100\n|-resisted|p1a: Toxapex\n|-crit|p1a: Toxapex\n|-damage|p1a: Toxapex|22/100\n|-resisted|p1a: Toxapex\n|-crit|p1a: Toxapex\n|-damage|p1a: Toxapex|14/100\n|-hitcount|p1a: Toxapex|3\n|\n|upkeep\n|turn|66\n|\n|t:|1791492422\n|switch|p1a: Slowbro|Slowbro, M|37/100 tox\n|-damage|p1a: Slowbro|24/100 tox|[from] Stealth Rock\n|move|p2a: Urshifu|Close Combat|p1a: Slowbro\n|-resisted|p1a: Slowbro\n|-damage|p1a: Slowbro|8/100 tox\n|-unboost|p2a: Urshifu|def|1\n|-unboost|p2a: Urshifu|spd|1\n|\n|-damage|p1a: Slowbro|2/100 tox|[from] psn\n|upkeep\n|turn|67\n|\n|t:|1791492435\n|switch|p1a: Tornadus|Tornadus-Therian, M|100/100\n|-damage|p1a: Tornadus|76/100|[from] Stealth Rock\n|move|p2a: Urshifu|Surging Strikes|p1a: Tornadus\n|-crit|p1a: Tornadus\n|-damage|p1a: Tornadus|54/100\n|-crit|p1a: Tornadus\n|-damage|p1a: Tornadus|33/100\n|-crit|p1a: Tornadus\n|-damage|p1a: Tornadus|14/100\n|-hitcount|p1a: Tornadus|3\n|\n|upkeep\n|turn|68\n|\n|t:|1791492440\n|move|p2a: Urshifu|Aqua Jet|p1a: Tornadus\n|-damage|p1a: Tornadus|0 fnt\n|faint|p1a: Tornadus\n|\n|upkeep\n|l| cdhechbe\n|c|\u2606rnd0mnme|ggs\n|-message|rnd0mnme forfeited.\n|\n|win|milliongatejumpguy\n|n|\u2606rnd0mnme|rnd0mnme\n|n|\u2606milliongatejumpguy|milliongatejumpguy\n|n| Zokuru|zokuru\n|n| Aristrea|aristrea\n", "uploadtime": 1791492452, "views": "10", "formatid": "gen8ou", "rating": null, "private": 0, "password": null}