{"id": "gen8ou-2693956268", "format": "[Gen 8] OU", "players": ["Infernoss", "dianciexia\u8482\u5b89\u5e0c\u4fa0"], "log": "|j|\u2606Infernoss\n|j|\u2606dianciexia\u8482\u5b89\u5e0c\u4fa0\n|t:|1791313506\n|gametype|singles\n|player|p1|Infernoss|pokemonrangerf-gen4|1372\n|player|p2|dianciexia\u8482\u5b89\u5e0c\u4fa0|caitlin-masters|1221\n|gen|8\n|tier|[Gen 8] OU\n|rated|\n|rule|HP Percentage Mod: HP is shown in percentages\n|rule|Endless Battle Clause: Forcing endless battles is banned\n|rule|Sleep Clause Mod: Limit one foe put to sleep\n|rule|Species Clause: Limit one of each Pok\u00e9mon\n|rule|OHKO Clause: OHKO moves are banned\n|rule|Evasion Items Clause: Evasion items are banned\n|rule|Evasion Moves Clause: Evasion moves are banned\n|rule|Dynamax Clause: You cannot dynamax\n|clearpoke\n|poke|p1|Landorus-Therian, M|\n|poke|p1|Charizard, M|\n|poke|p1|Whimsicott, F|\n|poke|p1|Rotom-Wash|\n|poke|p1|Tapu Fini|\n|poke|p1|Toxicroak, M|\n|poke|p2|Clefable, M|\n|poke|p2|Toxapex, F|\n|poke|p2|Hippowdon, M|\n|poke|p2|Tapu Koko|\n|poke|p2|Skarmory, F|\n|poke|p2|Reuniclus, F|\n|teampreview\n|inactive|Battle timer is ON: inactive players will automatically lose when time's up. (requested by dianciexia\u8482\u5b89\u5e0c\u4fa0)\n|\n|t:|1791313522\n|teamsize|p1|6\n|teamsize|p2|6\n|start\n|switch|p1a: Fluffy|Whimsicott, F|100/100\n|switch|p2a: Tapu Koko|Tapu Koko|100/100\n|-fieldstart|move: Electric Terrain|[from] ability: Electric Surge|[of] p2a: Tapu Koko\n|turn|1\n|\n|t:|1791313528\n|move|p1a: Fluffy|Light Screen|p1a: Fluffy\n|-sidestart|p1: Infernoss|move: Light Screen\n|move|p2a: Tapu Koko|U-turn|p1a: Fluffy\n|-damage|p1a: Fluffy|80/100\n|\n|t:|1791313531\n|switch|p2a: Hippowdon|Hippowdon, M|100/100|[from] U-turn\n|-weather|Sandstorm|[from] ability: Sand Stream|[of] p2a: Hippowdon\n|\n|-weather|Sandstorm|[upkeep]\n|-damage|p1a: Fluffy|73/100|[from] Sandstorm\n|upkeep\n|turn|2\n|\n|t:|1791313538\n|move|p1a: Fluffy|Taunt|p2a: Hippowdon\n|-start|p2a: Hippowdon|move: Taunt\n|cant|p2a: Hippowdon|move: Taunt|Stealth Rock\n|\n|-weather|Sandstorm|[upkeep]\n|-damage|p1a: Fluffy|67/100|[from] Sandstorm\n|upkeep\n|turn|3\n|\n|t:|1791313567\n|switch|p1a: Chorizo Lord|Charizard, M, shiny|100/100\n|switch|p2a: Reuniclus|Reuniclus, F|100/100\n|\n|-weather|Sandstorm|[upkeep]\n|-damage|p1a: Chorizo Lord|94/100|[from] Sandstorm\n|upkeep\n|turn|4\n|\n|t:|1791313574\n|move|p1a: Chorizo Lord|Belly Drum|p1a: Chorizo Lord\n|-damage|p1a: Chorizo Lord|44/100\n|-setboost|p1a: Chorizo Lord|atk|6|[from] move: Belly Drum\n|-enditem|p1a: Chorizo Lord|Sitrus Berry|[eat]\n|-heal|p1a: Chorizo Lord|69/100|[from] item: Sitrus Berry\n|move|p2a: Reuniclus|Toxic|p1a: Chorizo Lord|[miss]\n|-miss|p2a: Reuniclus|p1a: Chorizo Lord\n|\n|-weather|Sandstorm|[upkeep]\n|-damage|p1a: Chorizo Lord|63/100|[from] Sandstorm\n|upkeep\n|turn|5\n|\n|t:|1791313585\n|switch|p2a: Clefable|Clefable, M|100/100\n|move|p1a: Chorizo Lord|Acrobatics|p2a: Clefable\n|-damage|p2a: Clefable|69/100\n|\n|-weather|none\n|-fieldend|move: Electric Terrain\n|upkeep\n|turn|6\n|\n|t:|1791313591\n|move|p1a: Chorizo Lord|Flame Charge|p2a: Clefable\n|-damage|p2a: Clefable|56/100\n|-boost|p1a: Chorizo Lord|spe|1\n|move|p2a: Clefable|Stealth Rock|p1a: Chorizo Lord\n|-sidestart|p1: Infernoss|move: Stealth Rock\n|\n|upkeep\n|turn|7\n|\n|t:|1791313598\n|move|p1a: Chorizo Lord|Acrobatics|p2a: Clefable\n|-damage|p2a: Clefable|26/100\n|move|p2a: Clefable|Soft-Boiled|p2a: Clefable\n|-heal|p2a: Clefable|76/100\n|\n|upkeep\n|turn|8\n|\n|t:|1791313604\n|move|p1a: Chorizo Lord|Flame Charge|p2a: Clefable\n|-damage|p2a: Clefable|62/100\n|-boost|p1a: Chorizo Lord|spe|1\n|move|p2a: Clefable|Moonblast|p1a: Chorizo Lord\n|-resisted|p1a: Chorizo Lord\n|-damage|p1a: Chorizo Lord|53/100\n|\n|-sideend|p1: Infernoss|move: Light Screen\n|upkeep\n|turn|9\n|\n|t:|1791313612\n|move|p1a: Chorizo Lord|Acrobatics|p2a: Clefable\n|-damage|p2a: Clefable|27/100\n|move|p2a: Clefable|Soft-Boiled|p2a: Clefable\n|-heal|p2a: Clefable|77/100\n|\n|upkeep\n|turn|10\n|\n|t:|1791313621\n|move|p1a: Chorizo Lord|Flame Charge|p2a: Clefable\n|-damage|p2a: Clefable|63/100\n|-boost|p1a: Chorizo Lord|spe|1\n|move|p2a: Clefable|Knock Off|p1a: Chorizo Lord\n|-damage|p1a: Chorizo Lord|39/100\n|\n|upkeep\n|turn|11\n|\n|t:|1791313630\n|move|p1a: Chorizo Lord|Roost|p1a: Chorizo Lord\n|-heal|p1a: Chorizo Lord|89/100\n|-singleturn|p1a: Chorizo Lord|move: Roost\n|move|p2a: Clefable|Soft-Boiled|p2a: Clefable\n|-heal|p2a: Clefable|100/100\n|\n|upkeep\n|turn|12\n|\n|t:|1791313640\n|switch|p2a: Tapu Koko|Tapu Koko|100/100\n|-fieldstart|move: Electric Terrain|[from] ability: Electric Surge|[of] p2a: Tapu Koko\n|move|p1a: Chorizo Lord|Flame Charge|p2a: Tapu Koko\n|-damage|p2a: Tapu Koko|0 fnt\n|-boost|p1a: Chorizo Lord|spe|1\n|faint|p2a: Tapu Koko\n|\n|upkeep\n|-message|dianciexia\u8482\u5b89\u5e0c\u4fa0 forfeited.\n|\n|win|Infernoss\n|raw|Infernoss's rating: 1372 &rarr; <strong>1384</strong><br />(+12 for winning)\n|raw|dianciexia\u8482\u5b89\u5e0c\u4fa0's rating: 1221 &rarr; <strong>1206</strong><br />(-15 for losing)\n|l|\u2606dianciexia\u8482\u5b89\u5e0c\u4fa0\n|player|p2|\n", "uploadtime": 1791313650, "views": "4", "formatid": "gen8ou", "rating": 1206, "private": 0, "password": null}