{"id": "gen8ou-2692376220", "format": "[Gen 8] OU", "players": ["memphisdepayy", "Dugtrio Is Broken"], "log": "|t:|1791067961\n|gametype|singles\n|player|p1|memphisdepayy|unknownf|\n|player|p2|Dugtrio Is Broken|#splxviicryonicles2|\n|gen|8\n|tier|[Gen 8] OU\n|rated|Tournament battle\n|rule|HP Percentage Mod: HP is shown in percentages\n|rule|Endless Battle Clause: Forcing endless battles is banned\n|rule|Sleep Clause Mod: Limit one foe put to sleep\n|rule|Species Clause: Limit one of each Pok\u00e9mon\n|rule|OHKO Clause: OHKO moves are banned\n|rule|Evasion Items Clause: Evasion items are banned\n|rule|Evasion Moves Clause: Evasion moves are banned\n|rule|Dynamax Clause: You cannot dynamax\n|clearpoke\n|poke|p1|Mew|\n|poke|p1|Toxapex, F|\n|poke|p1|Corviknight, F|\n|poke|p1|Clefable, F|\n|poke|p1|Gastrodon-East, F|\n|poke|p1|Dragonite, M|\n|poke|p2|Rillaboom, M|\n|poke|p2|Melmetal|\n|poke|p2|Heatran, M|\n|poke|p2|Toxapex, F|\n|poke|p2|Garchomp, F|\n|poke|p2|Tornadus-Therian, M|\n|teampreview\n|chat|\u2606Dugtrio Is Broken|Hf\n|chat| NinjaCaro|cara memphisdepayy\n|chat|\u2606memphisdepayy|Hf\n|chat| NinjaCaro|voce vai pagar caro\n|chat| NinjaCaro|por nao usar meu time\n|chat| sagazinha|KKJJ\n|chat| sagazinha|OLOCO\n|chat|\u2606memphisdepayy|CARA NINJACARO VAI ENCHER O SACO DE OUTRO PORRA\n|chat| NinjaCaro|cara\n|chat| NinjaCaro|voce ta marcado\n|chat|\u2606memphisdepayy|MALUCO CHATO DA PORRA\n|chat| NinjaCaro|aqui\n|chat| NinjaCaro|na favela\n|chat| astreau|isso \u00e9 fake stall\n|chat| astreau|oloco\n|chat| Cataclyismo|OLOCO\n|chat| AmoMeuPaieMinhaMae|memphisdepayy memphisdepayy memphisde papapay\n|chat| cute vn|memphisdepayy memphisdepayy memphisde papapay\n|chat| cute vn|memphisdepayy memphisdepayy memphisde papapay\n|chat| cute vn|memphisdepayy memphisdepayy memphisde papapay\n|chat| AmoMeuPaieMinhaMae|memphisdepayy memphisdepayy memphisde papapay\n|chat| cute vn|memphisdepayy memphisdepayy memphisde papapay\n|chat| cute vn|memphisdepayy memphisdepayy memphisde papapay\n|chat| AmoMeuPaieMinhaMae|memphisdepayy memphisdepayy memphisde papapay\n|chat| sagazinha|ta mais pra fake time astreau\n|chat| cute vn|memphisdepayy memphisdepayy memphisde papapay\n|chat| AmoMeuPaieMinhaMae|memphisdepayy memphisdepayy memphisde papapay\n|chat| AmoMeuPaieMinhaMae|memphisdepayy memphisdepayy memphisde papapay\n|chat| doso749|memphisdepayy memphisdepayy memphisde papapay\n|chat| doso749|memphisdepayy memphisdepayy memphisde papapay\n|chat| astreau|reveal specs merciless toxapex\n|chat| doso749|memphisdepayy memphisdepayy memphisde papapay\n|chat| AmoMeuPaieMinhaMae|memphisdepayy memphisdepayy memphisde papapay\n|chat| cute vn|memphisdepayy memphisdepayy memphisde papapay\n|chat| Cataclyismo|memphisdepayy memphisdepayy memphisde papapay\n|chat| cute vn|memphisdepayy memphisdepayy memphisde papapay\n|chat| Cataclyismo|memphisdepayy memphisdepayy memphisde papapay\n|chat| AmoMeuPaieMinhaMae|memphisdepayy memphisdepayy memphisde papapay\n|\n|t:|1791067962\n|teamsize|p1|6\n|teamsize|p2|6\n|start\n|switch|p1a: Clefable|Clefable, F|100/100\n|switch|p2a: Melmetal|Melmetal|100/100\n|turn|1\n|chat| sagazinha|otavio dando a vida\n|\n|t:|1791067962\n|switch|p1a: Toxapex|Toxapex, F|100/100\n|move|p2a: Melmetal|Substitute|p2a: Melmetal\n|-start|p2a: Melmetal|Substitute\n|-damage|p2a: Melmetal|76/100\n|\n|-heal|p2a: Melmetal|82/100|[from] item: Leftovers\n|upkeep\n|turn|2\n|\n|t:|1791067962\n|move|p2a: Melmetal|Thunder Punch|p1a: Toxapex\n|-supereffective|p1a: Toxapex\n|-damage|p1a: Toxapex|52/100\n|-damage|p2a: Melmetal|65/100|[from] item: Rocky Helmet|[of] p1a: Toxapex\n|move|p1a: Toxapex|Spite|p2a: Melmetal\n|-activate|p2a: Melmetal|move: Spite|Thunder Punch|4\n|\n|-heal|p2a: Melmetal|71/100|[from] item: Leftovers\n|upkeep\n|turn|3\n|chat| NinjaCaro|gg\n|chat| cute vn|gg\n|chat| sagazinha|gg]\n|chat| AmoMeuPaieMinhaMae|imo\n|chat| Cataclyismo|gg\n|chat| sagazinha|gg imo\n|\n|t:|1791067962\n|switch|p1a: Gastrodon|Gastrodon-East, F, shiny|100/100\n|move|p2a: Melmetal|Earthquake|p1a: Gastrodon\n|-damage|p1a: Gastrodon|59/100\n|\n|-heal|p2a: Melmetal|77/100|[from] item: Leftovers\n|-heal|p1a: Gastrodon|65/100|[from] item: Leftovers\n|upkeep\n|turn|4\n|chat| sagazinha|era scarf tho\n|chat| cute vn|da hide replay ai jotao\n|\n|t:|1791067962\n|move|p1a: Gastrodon|Protect|p1a: Gastrodon\n|-singleturn|p1a: Gastrodon|Protect\n|move|p2a: Melmetal|Thunder Punch|p1a: Gastrodon\n|-activate|p1a: Gastrodon|move: Protect\n|\n|-heal|p2a: Melmetal|83/100|[from] item: Leftovers\n|-heal|p1a: Gastrodon|71/100|[from] item: Leftovers\n|upkeep\n|turn|5\n|\n|t:|1791067962\n|move|p2a: Melmetal|Thunder Punch|p1a: Gastrodon\n|-immune|p1a: Gastrodon\n|move|p1a: Gastrodon|Recover|p1a: Gastrodon\n|-heal|p1a: Gastrodon|100/100\n|\n|-heal|p2a: Melmetal|90/100|[from] item: Leftovers\n|upkeep\n|turn|6\n|\n|t:|1791067962\n|switch|p1a: Toxapex|Toxapex, F|85/100\n|move|p2a: Melmetal|Earthquake|p1a: Toxapex\n|-supereffective|p1a: Toxapex\n|-damage|p1a: Toxapex|32/100\n|\n|-heal|p2a: Melmetal|96/100|[from] item: Leftovers\n|upkeep\n|turn|7\n|\n|t:|1791067962\n|switch|p1a: Corviknight|Corviknight, F|100/100\n|-ability|p1a: Corviknight|Pressure\n|move|p2a: Melmetal|Double Iron Bash|p1a: Corviknight\n|-resisted|p1a: Corviknight\n|-damage|p1a: Corviknight|87/100\n|-resisted|p1a: Corviknight\n|-damage|p1a: Corviknight|74/100\n|-hitcount|p1a: Corviknight|2\n|\n|-heal|p1a: Corviknight|80/100|[from] item: Leftovers\n|-heal|p2a: Melmetal|100/100|[from] item: Leftovers\n|upkeep\n|turn|8\n|\n|t:|1791067962\n|move|p1a: Corviknight|Iron Defense|p1a: Corviknight\n|-boost|p1a: Corviknight|def|2\n|move|p2a: Melmetal|Thunder Punch|p1a: Corviknight\n|-supereffective|p1a: Corviknight\n|-damage|p1a: Corviknight|58/100\n|\n|-heal|p1a: Corviknight|64/100|[from] item: Leftovers\n|upkeep\n|turn|9\n|\n|t:|1791067962\n|switch|p2a: Tornadus|Tornadus-Therian, M|100/100\n|move|p1a: Corviknight|Roost|p1a: Corviknight\n|-heal|p1a: Corviknight|100/100\n|-singleturn|p1a: Corviknight|move: Roost\n|\n|upkeep\n|turn|10\n|\n|t:|1791067962\n|switch|p1a: Clefable|Clefable, F|100/100\n|move|p2a: Tornadus|U-turn|p1a: Clefable\n|-resisted|p1a: Clefable\n|-damage|p1a: Clefable|95/100\n|\n|t:|1791067962\n|switch|p2a: Melmetal|Melmetal|100/100|[from] U-turn\n|\n|-heal|p1a: Clefable|100/100|[from] item: Leftovers\n|upkeep\n|turn|11\n|\n|t:|1791067962\n|switch|p1a: Corviknight|Corviknight, F|100/100\n|-ability|p1a: Corviknight|Pressure\n|switch|p2a: Heatran|Heatran, M|100/100\n|-item|p2a: Heatran|Air Balloon\n|\n|upkeep\n|turn|12\n|chat|\u2606memphisdepayy|cara eu acho bom vc n clicar nature power\n|\n|t:|1791067962\n|switch|p2a: Rillaboom|Rillaboom, M|100/100\n|-fieldstart|move: Grassy Terrain|[from] ability: Grassy Surge|[of] p2a: Rillaboom\n|switch|p1a: Gastrodon|Gastrodon-East, F, shiny|100/100\n|\n|upkeep\n|turn|13\n|\n|t:|1791067962\n|switch|p1a: Dragonite|Dragonite, M|100/100\n|move|p2a: Rillaboom|Knock Off|p1a: Dragonite\n|-damage|p1a: Dragonite|85/100\n|-enditem|p1a: Dragonite|Heavy-Duty Boots|[from] move: Knock Off|[of] p2a: Rillaboom\n|\n|upkeep\n|turn|14\n|\n|t:|1791067962\n|switch|p2a: Tornadus|Tornadus-Therian, M|100/100\n|move|p1a: Dragonite|Flamethrower|p2a: Tornadus\n|-damage|p2a: Tornadus|80/100\n|\n|upkeep\n|turn|15\n|\n|t:|1791067962\n|move|p2a: Tornadus|U-turn|p1a: Dragonite\n|-resisted|p1a: Dragonite\n|-damage|p1a: Dragonite|80/100\n|\n|t:|1791067962\n|switch|p2a: Toxapex|Toxapex, F|100/100|[from] U-turn\n|move|p1a: Dragonite|Roost|p1a: Dragonite\n|-heal|p1a: Dragonite|100/100\n|-singleturn|p1a: Dragonite|move: Roost\n|\n|upkeep\n|turn|16\n|\n|t:|1791067962\n|switch|p1a: Toxapex|Toxapex, F|66/100\n|move|p2a: Toxapex|Knock Off|p1a: Toxapex\n|-damage|p1a: Toxapex|56/100\n|-damage|p2a: Toxapex|84/100|[from] item: Rocky Helmet|[of] p1a: Toxapex\n|-enditem|p1a: Toxapex|Rocky Helmet|[from] move: Knock Off|[of] p2a: Toxapex\n|\n|-heal|p2a: Toxapex|90/100|[from] Grassy Terrain\n|-heal|p1a: Toxapex|62/100|[from] Grassy Terrain\n|-heal|p2a: Toxapex|97/100|[from] item: Black Sludge\n|-fieldend|move: Grassy Terrain\n|upkeep\n|turn|17\n|\n|t:|1791067962\n|move|p1a: Toxapex|Knock Off|p2a: Toxapex\n|-damage|p2a: Toxapex|87/100\n|-enditem|p2a: Toxapex|Black Sludge|[from] move: Knock Off|[of] p1a: Toxapex\n|move|p2a: Toxapex|Scald|p1a: Toxapex\n|-resisted|p1a: Toxapex\n|-damage|p1a: Toxapex|56/100\n|\n|upkeep\n|turn|18\n|\n|t:|1791067962\n|move|p1a: Toxapex|Block|p2a: Toxapex\n|-activate|p2a: Toxapex|trapped\n|move|p2a: Toxapex|Scald|p1a: Toxapex\n|-resisted|p1a: Toxapex\n|-damage|p1a: Toxapex|50/100\n|\n|upkeep\n|turn|19\n|\n|t:|1791067962\n|move|p2a: Toxapex|Scald|p1a: Toxapex\n|-resisted|p1a: Toxapex\n|-damage|p1a: Toxapex|45/100\n|move|p1a: Toxapex|Recover|p1a: Toxapex\n|-heal|p1a: Toxapex|95/100\n|\n|upkeep\n|turn|20\n|\n|t:|1791067962\n|move|p1a: Toxapex|Spite|p2a: Toxapex\n|-activate|p2a: Toxapex|move: Spite|Scald|4\n|move|p2a: Toxapex|Scald|p1a: Toxapex\n|-resisted|p1a: Toxapex\n|-damage|p1a: Toxapex|89/100\n|-status|p1a: Toxapex|brn\n|\n|-damage|p1a: Toxapex|83/100 brn|[from] brn\n|upkeep\n|turn|21\n|\n|t:|1791067962\n|move|p2a: Toxapex|Haze|p2a: Toxapex\n|-clearallboost\n|move|p1a: Toxapex|Spite|p2a: Toxapex\n|-activate|p2a: Toxapex|move: Spite|Haze|4\n|\n|-damage|p1a: Toxapex|77/100 brn|[from] brn\n|upkeep\n|turn|22\n|\n|t:|1791067962\n|move|p2a: Toxapex|Knock Off|p1a: Toxapex\n|-damage|p1a: Toxapex|71/100 brn\n|move|p1a: Toxapex|Spite|p2a: Toxapex\n|-activate|p2a: Toxapex|move: Spite|Knock Off|4\n|\n|-damage|p1a: Toxapex|65/100 brn|[from] brn\n|upkeep\n|turn|23\n|\n|t:|1791067962\n|move|p1a: Toxapex|Spite|p2a: Toxapex\n|-activate|p2a: Toxapex|move: Spite|Knock Off|4\n|move|p2a: Toxapex|Haze|p2a: Toxapex\n|-clearallboost\n|\n|-damage|p1a: Toxapex|59/100 brn|[from] brn\n|upkeep\n|turn|24\n|\n|t:|1791067962\n|move|p2a: Toxapex|Haze|p2a: Toxapex\n|-clearallboost\n|move|p1a: Toxapex|Recover|p1a: Toxapex\n|-heal|p1a: Toxapex|100/100 brn\n|\n|-damage|p1a: Toxapex|95/100 brn|[from] brn\n|upkeep\n|turn|25\n|\n|t:|1791067962\n|move|p2a: Toxapex|Haze|p2a: Toxapex\n|-clearallboost\n|move|p1a: Toxapex|Knock Off|p2a: Toxapex\n|-damage|p2a: Toxapex|83/100\n|\n|-damage|p1a: Toxapex|89/100 brn|[from] brn\n|upkeep\n|turn|26\n|\n|t:|1791067962\n|move|p2a: Toxapex|Haze|p2a: Toxapex\n|-clearallboost\n|move|p1a: Toxapex|Knock Off|p2a: Toxapex\n|-damage|p2a: Toxapex|80/100\n|\n|-damage|p1a: Toxapex|83/100 brn|[from] brn\n|upkeep\n|turn|27\n|\n|t:|1791067962\n|move|p1a: Toxapex|Knock Off|p2a: Toxapex\n|-damage|p2a: Toxapex|76/100\n|move|p2a: Toxapex|Haze|p2a: Toxapex\n|-clearallboost\n|\n|-damage|p1a: Toxapex|77/100 brn|[from] brn\n|upkeep\n|turn|28\n|\n|t:|1791067962\n|move|p2a: Toxapex|Scald|p1a: Toxapex\n|-resisted|p1a: Toxapex\n|-damage|p1a: Toxapex|71/100 brn\n|move|p1a: Toxapex|Spite|p2a: Toxapex\n|-activate|p2a: Toxapex|move: Spite|Scald|4\n|\n|-damage|p1a: Toxapex|66/100 brn|[from] brn\n|upkeep\n|turn|29\n|\n|t:|1791067962\n|move|p1a: Toxapex|Spite|p2a: Toxapex\n|-activate|p2a: Toxapex|move: Spite|Scald|4\n|move|p2a: Toxapex|Haze|p2a: Toxapex\n|-clearallboost\n|\n|-damage|p1a: Toxapex|60/100 brn|[from] brn\n|upkeep\n|turn|30\n|\n|t:|1791067962\n|move|p1a: Toxapex|Knock Off|p2a: Toxapex\n|-damage|p2a: Toxapex|73/100\n|move|p2a: Toxapex|Scald|p1a: Toxapex\n|-resisted|p1a: Toxapex\n|-damage|p1a: Toxapex|54/100 brn\n|\n|-damage|p1a: Toxapex|48/100 brn|[from] brn\n|upkeep\n|turn|31\n|\n|t:|1791067962\n|move|p1a: Toxapex|Recover|p1a: Toxapex\n|-heal|p1a: Toxapex|98/100 brn\n|move|p2a: Toxapex|Haze|p2a: Toxapex\n|-clearallboost\n|\n|-damage|p1a: Toxapex|92/100 brn|[from] brn\n|upkeep\n|turn|32\n|chat| lctrem|batalha Interessant\n|\n|t:|1791067962\n|move|p2a: Toxapex|Scald|p1a: Toxapex\n|-resisted|p1a: Toxapex\n|-damage|p1a: Toxapex|87/100 brn\n|move|p1a: Toxapex|Spite|p2a: Toxapex\n|-activate|p2a: Toxapex|move: Spite|Scald|4\n|\n|-damage|p1a: Toxapex|81/100 brn|[from] brn\n|upkeep\n|turn|33\n|\n|t:|1791067962\n|move|p1a: Toxapex|Knock Off|p2a: Toxapex\n|-damage|p2a: Toxapex|70/100\n|move|p2a: Toxapex|Scald|p1a: Toxapex\n|-resisted|p1a: Toxapex\n|-damage|p1a: Toxapex|75/100 brn\n|\n|-damage|p1a: Toxapex|69/100 brn|[from] brn\n|upkeep\n|turn|34\n|chat|^talveznao|K\n|\n|t:|1791067962\n|move|p1a: Toxapex|Knock Off|p2a: Toxapex\n|-damage|p2a: Toxapex|67/100\n|move|p2a: Toxapex|Haze|p2a: Toxapex\n|-clearallboost\n|\n|-damage|p1a: Toxapex|63/100 brn|[from] brn\n|upkeep\n|turn|35\n|\n|t:|1791067962\n|move|p2a: Toxapex|Haze|p2a: Toxapex\n|-clearallboost\n|move|p1a: Toxapex|Spite|p2a: Toxapex\n|-activate|p2a: Toxapex|move: Spite|Haze|4\n|\n|-damage|p1a: Toxapex|57/100 brn|[from] brn\n|upkeep\n|turn|36\n|\n|t:|1791067962\n|move|p2a: Toxapex|Haze|p2a: Toxapex\n|-clearallboost\n|move|p1a: Toxapex|Spite|p2a: Toxapex\n|-activate|p2a: Toxapex|move: Spite|Haze|4\n|\n|-damage|p1a: Toxapex|51/100 brn|[from] brn\n|upkeep\n|turn|37\n|\n|t:|1791067962\n|move|p1a: Toxapex|Spite|p2a: Toxapex\n|-activate|p2a: Toxapex|move: Spite|Haze|4\n|move|p2a: Toxapex|Knock Off|p1a: Toxapex\n|-damage|p1a: Toxapex|44/100 brn\n|\n|-damage|p1a: Toxapex|38/100 brn|[from] brn\n|upkeep\n|turn|38\n|\n|t:|1791067962\n|move|p2a: Toxapex|Knock Off|p1a: Toxapex\n|-damage|p1a: Toxapex|31/100 brn\n|move|p1a: Toxapex|Recover|p1a: Toxapex\n|-heal|p1a: Toxapex|81/100 brn\n|\n|-damage|p1a: Toxapex|75/100 brn|[from] brn\n|upkeep\n|turn|39\n|\n|t:|1791067962\n|move|p2a: Toxapex|Knock Off|p1a: Toxapex\n|-damage|p1a: Toxapex|69/100 brn\n|move|p1a: Toxapex|Knock Off|p2a: Toxapex\n|-damage|p2a: Toxapex|63/100\n|\n|-damage|p1a: Toxapex|63/100 brn|[from] brn\n|upkeep\n|turn|40\n|\n|t:|1791067962\n|move|p1a: Toxapex|Knock Off|p2a: Toxapex\n|-damage|p2a: Toxapex|60/100\n|move|p2a: Toxapex|Knock Off|p1a: Toxapex\n|-damage|p1a: Toxapex|57/100 brn\n|\n|-damage|p1a: Toxapex|51/100 brn|[from] brn\n|upkeep\n|turn|41\n|\n|t:|1791067962\n|move|p1a: Toxapex|Recover|p1a: Toxapex\n|-heal|p1a: Toxapex|100/100 brn\n|move|p2a: Toxapex|Knock Off|p1a: Toxapex\n|-damage|p1a: Toxapex|94/100 brn\n|\n|-damage|p1a: Toxapex|88/100 brn|[from] brn\n|upkeep\n|turn|42\n|chat| astreau|esse game vai acabar ante de que o auction come\u00e7a\n|chat| astreau|eu acho\n|\n|t:|1791067962\n|move|p2a: Toxapex|Knock Off|p1a: Toxapex\n|-damage|p1a: Toxapex|81/100 brn\n|move|p1a: Toxapex|Knock Off|p2a: Toxapex\n|-damage|p2a: Toxapex|56/100\n|\n|-damage|p1a: Toxapex|75/100 brn|[from] brn\n|upkeep\n|turn|43\n|\n|t:|1791067962\n|move|p1a: Toxapex|Knock Off|p2a: Toxapex\n|-damage|p2a: Toxapex|53/100\n|move|p2a: Toxapex|Knock Off|p1a: Toxapex\n|-damage|p1a: Toxapex|68/100 brn\n|\n|-damage|p1a: Toxapex|62/100 brn|[from] brn\n|upkeep\n|turn|44\n|\n|t:|1791067962\n|move|p1a: Toxapex|Knock Off|p2a: Toxapex\n|-damage|p2a: Toxapex|50/100\n|move|p2a: Toxapex|Knock Off|p1a: Toxapex\n|-damage|p1a: Toxapex|55/100 brn\n|\n|-damage|p1a: Toxapex|49/100 brn|[from] brn\n|upkeep\n|turn|45\n|\n|t:|1791067962\n|move|p1a: Toxapex|Recover|p1a: Toxapex\n|-heal|p1a: Toxapex|99/100 brn\n|move|p2a: Toxapex|Knock Off|p1a: Toxapex\n|-damage|p1a: Toxapex|93/100 brn\n|\n|-damage|p1a: Toxapex|87/100 brn|[from] brn\n|upkeep\n|turn|46\n|\n|t:|1791067962\n|move|p1a: Toxapex|Knock Off|p2a: Toxapex\n|-damage|p2a: Toxapex|47/100\n|move|p2a: Toxapex|Knock Off|p1a: Toxapex\n|-damage|p1a: Toxapex|80/100 brn\n|\n|-damage|p1a: Toxapex|74/100 brn|[from] brn\n|upkeep\n|turn|47\n|\n|t:|1791067962\n|move|p2a: Toxapex|Knock Off|p1a: Toxapex\n|-damage|p1a: Toxapex|67/100 brn\n|move|p1a: Toxapex|Spite|p2a: Toxapex\n|-activate|p2a: Toxapex|move: Spite|Knock Off|4\n|\n|-damage|p1a: Toxapex|62/100 brn|[from] brn\n|upkeep\n|turn|48\n|\n|t:|1791067962\n|move|p2a: Toxapex|Knock Off|p1a: Toxapex\n|-damage|p1a: Toxapex|55/100 brn\n|move|p1a: Toxapex|Knock Off|p2a: Toxapex\n|-damage|p2a: Toxapex|43/100\n|\n|-damage|p1a: Toxapex|49/100 brn|[from] brn\n|upkeep\n|turn|49\n|\n|t:|1791067962\n|move|p2a: Toxapex|Knock Off|p1a: Toxapex\n|-damage|p1a: Toxapex|43/100 brn\n|move|p1a: Toxapex|Knock Off|p2a: Toxapex\n|-damage|p2a: Toxapex|40/100\n|\n|-damage|p1a: Toxapex|37/100 brn|[from] brn\n|upkeep\n|turn|50\n|\n|t:|1791067962\n|move|p1a: Toxapex|Recover|p1a: Toxapex\n|-heal|p1a: Toxapex|87/100 brn\n|move|p2a: Toxapex|Knock Off|p1a: Toxapex\n|-damage|p1a: Toxapex|81/100 brn\n|\n|-damage|p1a: Toxapex|75/100 brn|[from] brn\n|upkeep\n|turn|51\n|chat| AmoMeuPaieMinhaMae|parabens astreau!\n|\n|t:|1791067962\n|move|p1a: Toxapex|Knock Off|p2a: Toxapex\n|-damage|p2a: Toxapex|36/100\n|move|p2a: Toxapex|Knock Off|p1a: Toxapex\n|-damage|p1a: Toxapex|67/100 brn\n|\n|-damage|p1a: Toxapex|62/100 brn|[from] brn\n|upkeep\n|turn|52\n|chat| lctrem|pq isso ta me lembrando a batalha de metapod no anime?\n|\n|t:|1791067962\n|move|p2a: Toxapex|Recover|p2a: Toxapex\n|-heal|p2a: Toxapex|86/100\n|move|p1a: Toxapex|Spite|p2a: Toxapex\n|-activate|p2a: Toxapex|move: Spite|Recover|4\n|\n|-damage|p1a: Toxapex|56/100 brn|[from] brn\n|upkeep\n|turn|53\n|\n|t:|1791067962\n|move|p1a: Toxapex|Spite|p2a: Toxapex\n|-activate|p2a: Toxapex|move: Spite|Recover|4\n|move|p2a: Toxapex|Knock Off|p1a: Toxapex\n|-damage|p1a: Toxapex|48/100 brn\n|\n|-damage|p1a: Toxapex|42/100 brn|[from] brn\n|upkeep\n|turn|54\n|\n|t:|1791067962\n|move|p1a: Toxapex|Recover|p1a: Toxapex\n|-heal|p1a: Toxapex|93/100 brn\n|move|p2a: Toxapex|Knock Off|p1a: Toxapex\n|-damage|p1a: Toxapex|86/100 brn\n|\n|-damage|p1a: Toxapex|80/100 brn|[from] brn\n|upkeep\n|turn|55\n|\n|t:|1791067962\n|move|p1a: Toxapex|Knock Off|p2a: Toxapex\n|-damage|p2a: Toxapex|83/100\n|move|p2a: Toxapex|Knock Off|p1a: Toxapex\n|-damage|p1a: Toxapex|73/100 brn\n|\n|-damage|p1a: Toxapex|67/100 brn|[from] brn\n|upkeep\n|turn|56\n|chat|^talveznao|K\n|\n|t:|1791067962\n|move|p1a: Toxapex|Knock Off|p2a: Toxapex\n|-damage|p2a: Toxapex|80/100\n|move|p2a: Toxapex|Haze|p2a: Toxapex\n|-clearallboost\n|\n|-damage|p1a: Toxapex|61/100 brn|[from] brn\n|upkeep\n|turn|57\n|\n|t:|1791067962\n|move|p2a: Toxapex|Haze|p2a: Toxapex\n|-clearallboost\n|move|p1a: Toxapex|Knock Off|p2a: Toxapex\n|-damage|p2a: Toxapex|76/100\n|\n|-damage|p1a: Toxapex|55/100 brn|[from] brn\n|upkeep\n|turn|58\n|\n|t:|1791067962\n|move|p2a: Toxapex|Haze|p2a: Toxapex\n|-clearallboost\n|move|p1a: Toxapex|Recover|p1a: Toxapex\n|-heal|p1a: Toxapex|100/100 brn\n|\n|-damage|p1a: Toxapex|95/100 brn|[from] brn\n|upkeep\n|turn|59\n|\n|t:|1791067962\n|move|p1a: Toxapex|Spite|p2a: Toxapex\n|-activate|p2a: Toxapex|move: Spite|Haze|4\n|move|p2a: Toxapex|Haze|p2a: Toxapex\n|-clearallboost\n|\n|-damage|p1a: Toxapex|89/100 brn|[from] brn\n|upkeep\n|turn|60\n|\n|t:|1791067962\n|move|p1a: Toxapex|Knock Off|p2a: Toxapex\n|-damage|p2a: Toxapex|73/100\n|move|p2a: Toxapex|Haze|p2a: Toxapex\n|-clearallboost\n|\n|-damage|p1a: Toxapex|83/100 brn|[from] brn\n|upkeep\n|turn|61\n|chat| astreau|obg AmoMeuPaieMinhaMae\n|\n|t:|1791067962\n|move|p1a: Toxapex|Knock Off|p2a: Toxapex\n|-damage|p2a: Toxapex|70/100\n|move|p2a: Toxapex|Recover|p2a: Toxapex\n|-heal|p2a: Toxapex|100/100\n|\n|-damage|p1a: Toxapex|77/100 brn|[from] brn\n|upkeep\n|turn|62\n|chat|\u2606memphisdepayy|carai sagaz q bosta de set\n|chat|\u2606memphisdepayy|mano\n|chat|\u2606memphisdepayy|achei que o spite tinha uns 32\n|chat| mipc|parabens astreau\n|\n|t:|1791067962\n|move|p1a: Toxapex|Knock Off|p2a: Toxapex\n|-damage|p2a: Toxapex|97/100\n|move|p2a: Toxapex|Haze|p2a: Toxapex\n|-clearallboost\n|\n|-damage|p1a: Toxapex|71/100 brn|[from] brn\n|upkeep\n|turn|63\n|chat| sagazinha|acho q era pra vc ter haze mano\n|chat| sagazinha|pra ganhar o x1\n|\n|t:|1791067962\n|move|p1a: Toxapex|Knock Off|p2a: Toxapex\n|-damage|p2a: Toxapex|94/100\n|move|p2a: Toxapex|Haze|p2a: Toxapex\n|-clearallboost\n|\n|-damage|p1a: Toxapex|65/100 brn|[from] brn\n|upkeep\n|turn|64\n|chat| NinjaCaro|Parabens astreau\n|chat|\u2606Dugtrio Is Broken|Ele ganha o x1 sem haze prr\n|chat|\u2606Dugtrio Is Broken|Kkkkkkkkkkk\n|\n|t:|1791067962\n|move|p2a: Toxapex|Haze|p2a: Toxapex\n|-clearallboost\n|move|p1a: Toxapex|Knock Off|p2a: Toxapex\n|-damage|p2a: Toxapex|91/100\n|\n|-damage|p1a: Toxapex|59/100 brn|[from] brn\n|upkeep\n|turn|65\n|chat|^talveznao|>Flamethoer dnite\n|chat|\u2606memphisdepayy|GANHOI E SAIO COM \n|chat|\u2606memphisdepayy|8 KNOCKS\n|\n|t:|1791067962\n|move|p1a: Toxapex|Recover|p1a: Toxapex\n|-heal|p1a: Toxapex|100/100 brn\n|move|p2a: Toxapex|Haze|p2a: Toxapex\n|-clearallboost\n|\n|-damage|p1a: Toxapex|95/100 brn|[from] brn\n|upkeep\n|turn|66\n|\n|t:|1791067962\n|move|p1a: Toxapex|Spite|p2a: Toxapex\n|-activate|p2a: Toxapex|move: Spite|Haze|4\n|move|p2a: Toxapex|Haze|p2a: Toxapex\n|-clearallboost\n|\n|-damage|p1a: Toxapex|89/100 brn|[from] brn\n|upkeep\n|turn|67\n|chat| astreau|obg amigos\n|\n|t:|1791067962\n|move|p1a: Toxapex|Knock Off|p2a: Toxapex\n|-damage|p2a: Toxapex|87/100\n|move|p2a: Toxapex|Haze|p2a: Toxapex\n|-clearallboost\n|\n|-damage|p1a: Toxapex|83/100 brn|[from] brn\n|upkeep\n|turn|68\n|\n|t:|1791067962\n|switch|p1a: Gastrodon|Gastrodon-East, F, shiny|100/100\n|move|p2a: Toxapex|Haze|p2a: Toxapex\n|-clearallboost\n|\n|upkeep\n|turn|69\n|\n|t:|1791067962\n|switch|p2a: Tornadus|Tornadus-Therian, M|100/100\n|move|p1a: Gastrodon|Scald|p2a: Tornadus\n|-damage|p2a: Tornadus|76/100\n|\n|upkeep\n|turn|70\n|\n|t:|1791067962\n|switch|p2a: Toxapex|Toxapex, F|100/100\n|switch|p1a: Toxapex|Toxapex, F|100/100 brn\n|\n|-damage|p1a: Toxapex|95/100 brn|[from] brn\n|upkeep\n|turn|71\n|\n|t:|1791067962\n|switch|p2a: Tornadus|Tornadus-Therian, M|100/100\n|switch|p1a: Gastrodon|Gastrodon-East, F, shiny|100/100\n|\n|upkeep\n|turn|72\n|\n|t:|1791067962\n|switch|p2a: Toxapex|Toxapex, F|100/100\n|switch|p1a: Toxapex|Toxapex, F|100/100 brn\n|\n|-damage|p1a: Toxapex|95/100 brn|[from] brn\n|upkeep\n|turn|73\n|\n|t:|1791067962\n|switch|p2a: Tornadus|Tornadus-Therian, M|100/100\n|switch|p1a: Gastrodon|Gastrodon-East, F, shiny|100/100\n|\n|upkeep\n|turn|74\n|\n|t:|1791067962\n|switch|p2a: Toxapex|Toxapex, F|100/100\n|move|p1a: Gastrodon|Protect||[still]\n|-fail|p1a: Gastrodon\n|\n|upkeep\n|turn|75\n|\n|t:|1791067962\n|switch|p2a: Tornadus|Tornadus-Therian, M|100/100\n|move|p1a: Gastrodon|Scald|p2a: Tornadus\n|-damage|p2a: Tornadus|75/100\n|\n|upkeep\n|turn|76\n|\n|t:|1791067962\n|switch|p2a: Toxapex|Toxapex, F|100/100\n|switch|p1a: Toxapex|Toxapex, F|100/100 brn\n|\n|-damage|p1a: Toxapex|95/100 brn|[from] brn\n|upkeep\n|turn|77\n|\n|t:|1791067962\n|switch|p1a: Gastrodon|Gastrodon-East, F, shiny|100/100\n|switch|p2a: Tornadus|Tornadus-Therian, M|100/100\n|\n|upkeep\n|turn|78\n|\n|t:|1791067962\n|switch|p1a: Toxapex|Toxapex, F|100/100 brn\n|move|p2a: Tornadus|Toxic||[still]\n|-fail|p2a: Tornadus\n|\n|-damage|p1a: Toxapex|95/100 brn|[from] brn\n|upkeep\n|turn|79\n|\n|t:|1791067962\n|move|p2a: Tornadus|U-turn|p1a: Toxapex\n|-resisted|p1a: Toxapex\n|-damage|p1a: Toxapex|90/100 brn\n|\n|t:|1791067962\n|switch|p2a: Toxapex|Toxapex, F|100/100|[from] U-turn\n|move|p1a: Toxapex|Knock Off|p2a: Toxapex\n|-damage|p2a: Toxapex|97/100\n|\n|-damage|p1a: Toxapex|84/100 brn|[from] brn\n|upkeep\n|turn|80\n|\n|t:|1791067962\n|switch|p1a: Gastrodon|Gastrodon-East, F, shiny|100/100\n|switch|p2a: Tornadus|Tornadus-Therian, M|100/100\n|\n|upkeep\n|turn|81\n|\n|t:|1791067962\n|switch|p2a: Toxapex|Toxapex, F|100/100\n|move|p1a: Gastrodon|Protect||[still]\n|-fail|p1a: Gastrodon\n|\n|upkeep\n|turn|82\n|\n|t:|1791067962\n|switch|p2a: Tornadus|Tornadus-Therian, M|100/100\n|move|p1a: Gastrodon|Scald|p2a: Tornadus\n|-damage|p2a: Tornadus|71/100\n|-status|p2a: Tornadus|brn\n|\n|-damage|p2a: Tornadus|65/100 brn|[from] brn\n|upkeep\n|turn|83\n|\n|t:|1791067962\n|switch|p2a: Toxapex|Toxapex, F|100/100\n|move|p1a: Gastrodon|Protect||[still]\n|-fail|p1a: Gastrodon\n|\n|upkeep\n|turn|84\n|\n|t:|1791067962\n|switch|p1a: Mew|Mew|100/100\n|switch|p2a: Tornadus|Tornadus-Therian, M|99/100 brn\n|\n|-damage|p2a: Tornadus|92/100 brn|[from] brn\n|upkeep\n|turn|85\n|\n|t:|1791067962\n|switch|p1a: Corviknight|Corviknight, F|100/100\n|-ability|p1a: Corviknight|Pressure\n|move|p2a: Tornadus|Toxic|p1a: Corviknight\n|-immune|p1a: Corviknight\n|\n|-damage|p2a: Tornadus|86/100 brn|[from] brn\n|upkeep\n|turn|86\n|\n|t:|1791067962\n|switch|p1a: Toxapex|Toxapex, F|100/100 brn\n|move|p2a: Tornadus|Heat Wave|p1a: Toxapex\n|-resisted|p1a: Toxapex\n|-damage|p1a: Toxapex|92/100 brn\n|\n|-damage|p2a: Tornadus|80/100 brn|[from] brn\n|-damage|p1a: Toxapex|86/100 brn|[from] brn\n|upkeep\n|turn|87\n|\n|t:|1791067962\n|switch|p1a: Corviknight|Corviknight, F|100/100\n|-ability|p1a: Corviknight|Pressure\n|move|p2a: Tornadus|U-turn|p1a: Corviknight\n|-resisted|p1a: Corviknight\n|-damage|p1a: Corviknight|99/100\n|\n|t:|1791067962\n|switch|p2a: Heatran|Heatran, M|100/100|[from] U-turn\n|-item|p2a: Heatran|Air Balloon\n|\n|-heal|p1a: Corviknight|100/100|[from] item: Leftovers\n|upkeep\n|turn|88\n|\n|t:|1791067962\n|switch|p2a: Rillaboom|Rillaboom, M|100/100\n|-fieldstart|move: Grassy Terrain|[from] ability: Grassy Surge|[of] p2a: Rillaboom\n|switch|p1a: Gastrodon|Gastrodon-East, F, shiny|100/100\n|\n|upkeep\n|turn|89\n|\n|t:|1791067962\n|switch|p1a: Corviknight|Corviknight, F|100/100\n|-ability|p1a: Corviknight|Pressure\n|move|p2a: Rillaboom|Knock Off|p1a: Corviknight\n|-damage|p1a: Corviknight|77/100\n|-enditem|p1a: Corviknight|Leftovers|[from] move: Knock Off|[of] p2a: Rillaboom\n|\n|upkeep\n|turn|90\n|\n|t:|1791067962\n|switch|p2a: Garchomp|Garchomp, F|100/100\n|move|p1a: Corviknight|Roost|p1a: Corviknight\n|-heal|p1a: Corviknight|100/100\n|-singleturn|p1a: Corviknight|move: Roost\n|\n|upkeep\n|turn|91\n|\n|t:|1791067962\n|move|p2a: Garchomp|Stealth Rock|p1a: Corviknight\n|-sidestart|p1: memphisdepayy|move: Stealth Rock\n|move|p1a: Corviknight|Iron Defense|p1a: Corviknight\n|-boost|p1a: Corviknight|def|2\n|\n|upkeep\n|turn|92\n|\n|t:|1791067962\n|move|p2a: Garchomp|Protect|p2a: Garchomp\n|-singleturn|p2a: Garchomp|Protect\n|move|p1a: Corviknight|Defog|p2a: Garchomp\n|-activate|p2a: Garchomp|move: Protect\n|\n|-fieldend|move: Grassy Terrain\n|upkeep\n|turn|93\n|\n|t:|1791067962\n|move|p2a: Garchomp|Protect||[still]\n|-fail|p2a: Garchomp\n|move|p1a: Corviknight|Defog|p2a: Garchomp\n|-unboost|p2a: Garchomp|evasion|1\n|-sideend|p1: memphisdepayy|Stealth Rock|[from] move: Defog|[of] p1a: Corviknight\n|\n|upkeep\n|turn|94\n|\n|t:|1791067962\n|switch|p2a: Toxapex|Toxapex, F|100/100\n|move|p1a: Corviknight|Body Press|p2a: Toxapex\n|-resisted|p2a: Toxapex\n|-damage|p2a: Toxapex|84/100\n|\n|upkeep\n|turn|95\n|\n|t:|1791067962\n|switch|p1a: Mew|Mew|100/100\n|switch|p2a: Garchomp|Garchomp, F|100/100\n|\n|upkeep\n|turn|96\n|\n|t:|1791067962\n|switch|p1a: Corviknight|Corviknight, F|100/100\n|-ability|p1a: Corviknight|Pressure\n|switch|p2a: Heatran|Heatran, M|100/100\n|-item|p2a: Heatran|Air Balloon\n|\n|upkeep\n|turn|97\n|\n|t:|1791067962\n|switch|p2a: Rillaboom|Rillaboom, M|100/100\n|-fieldstart|move: Grassy Terrain|[from] ability: Grassy Surge|[of] p2a: Rillaboom\n|switch|p1a: Gastrodon|Gastrodon-East, F, shiny|100/100\n|\n|upkeep\n|turn|98\n|\n|t:|1791067962\n|switch|p1a: Corviknight|Corviknight, F|100/100\n|-ability|p1a: Corviknight|Pressure\n|move|p2a: Rillaboom|Swords Dance|p2a: Rillaboom\n|-boost|p2a: Rillaboom|atk|2\n|\n|upkeep\n|turn|99\n|\n|t:|1791067962\n|move|p2a: Rillaboom|Drain Punch|p1a: Corviknight\n|-damage|p1a: Corviknight|65/100\n|move|p1a: Corviknight|Iron Defense|p1a: Corviknight\n|-boost|p1a: Corviknight|def|2\n|\n|upkeep\n|turn|100\n|\n|t:|1791067962\n|switch|p2a: Heatran|Heatran, M|100/100\n|-item|p2a: Heatran|Air Balloon\n|move|p1a: Corviknight|Roost|p1a: Corviknight\n|-heal|p1a: Corviknight|100/100\n|-singleturn|p1a: Corviknight|move: Roost\n|\n|upkeep\n|turn|101\n|\n|t:|1791067962\n|switch|p2a: Rillaboom|Rillaboom, M|100/100\n|switch|p1a: Gastrodon|Gastrodon-East, F, shiny|100/100\n|\n|-fieldend|move: Grassy Terrain\n|upkeep\n|turn|102\n|\n|t:|1791067962\n|switch|p1a: Corviknight|Corviknight, F|100/100\n|-ability|p1a: Corviknight|Pressure\n|move|p2a: Rillaboom|Grassy Glide|p1a: Corviknight\n|-resisted|p1a: Corviknight\n|-damage|p1a: Corviknight|95/100\n|\n|upkeep\n|turn|103\n|\n|t:|1791067962\n|move|p2a: Rillaboom|Knock Off|p1a: Corviknight\n|-damage|p1a: Corviknight|79/100\n|move|p1a: Corviknight|Body Press|p2a: Rillaboom\n|-damage|p2a: Rillaboom|76/100\n|\n|-heal|p2a: Rillaboom|82/100|[from] item: Leftovers\n|upkeep\n|turn|104\n|\n|t:|1791067962\n|move|p2a: Rillaboom|Knock Off|p1a: Corviknight\n|-damage|p1a: Corviknight|65/100\n|move|p1a: Corviknight|Iron Defense|p1a: Corviknight\n|-boost|p1a: Corviknight|def|2\n|\n|-heal|p2a: Rillaboom|89/100|[from] item: Leftovers\n|upkeep\n|turn|105\n|\n|t:|1791067962\n|switch|p2a: Tornadus|Tornadus-Therian, M|100/100 brn\n|move|p1a: Corviknight|Roost|p1a: Corviknight\n|-heal|p1a: Corviknight|100/100\n|-singleturn|p1a: Corviknight|move: Roost\n|\n|-damage|p2a: Tornadus|94/100 brn|[from] brn\n|upkeep\n|turn|106\n|\n|t:|1791067962\n|switch|p1a: Toxapex|Toxapex, F|100/100 brn\n|move|p2a: Tornadus|U-turn|p1a: Toxapex\n|-resisted|p1a: Toxapex\n|-damage|p1a: Toxapex|99/100 brn\n|\n|t:|1791067962\n|switch|p2a: Garchomp|Garchomp, F|100/100|[from] U-turn\n|\n|-damage|p1a: Toxapex|93/100 brn|[from] brn\n|upkeep\n|turn|107\n|\n|t:|1791067962\n|switch|p2a: Toxapex|Toxapex, F|100/100\n|switch|p1a: Corviknight|Corviknight, F|100/100\n|-ability|p1a: Corviknight|Pressure\n|\n|upkeep\n|turn|108\n|\n|t:|1791067962\n|switch|p1a: Mew|Mew|100/100\n|switch|p2a: Garchomp|Garchomp, F|100/100\n|\n|upkeep\n|turn|109\n|\n|t:|1791067962\n|switch|p1a: Corviknight|Corviknight, F|100/100\n|-ability|p1a: Corviknight|Pressure\n|move|p2a: Garchomp|Stealth Rock|p1a: Corviknight\n|-sidestart|p1: memphisdepayy|move: Stealth Rock\n|\n|upkeep\n|turn|110\n|\n|t:|1791067962\n|move|p2a: Garchomp|Protect|p2a: Garchomp\n|-singleturn|p2a: Garchomp|Protect\n|move|p1a: Corviknight|Defog|p2a: Garchomp\n|-activate|p2a: Garchomp|move: Protect\n|\n|upkeep\n|turn|111\n|\n|t:|1791067962\n|switch|p2a: Heatran|Heatran, M|100/100\n|-item|p2a: Heatran|Air Balloon\n|move|p1a: Corviknight|Defog|p2a: Heatran\n|-unboost|p2a: Heatran|evasion|1\n|-sideend|p1: memphisdepayy|Stealth Rock|[from] move: Defog|[of] p1a: Corviknight\n|\n|upkeep\n|turn|112\n|chat|+Banco Master|mds\n|\n|t:|1791067962\n|switch|p2a: Rillaboom|Rillaboom, M|89/100\n|-fieldstart|move: Grassy Terrain|[from] ability: Grassy Surge|[of] p2a: Rillaboom\n|switch|p1a: Gastrodon|Gastrodon-East, F, shiny|100/100\n|\n|-heal|p2a: Rillaboom|95/100|[from] Grassy Terrain\n|-heal|p2a: Rillaboom|100/100|[from] item: Leftovers\n|upkeep\n|turn|113\n|\n|t:|1791067962\n|switch|p2a: Melmetal|Melmetal|100/100\n|switch|p1a: Corviknight|Corviknight, F|100/100\n|-ability|p1a: Corviknight|Pressure\n|\n|upkeep\n|turn|114\n|chat|\u2606memphisdepayy|mds oque rapaz\n|\n|t:|1791067962\n|switch|p1a: Gastrodon|Gastrodon-East, F, shiny|100/100\n|move|p2a: Melmetal|Substitute|p2a: Melmetal\n|-start|p2a: Melmetal|Substitute\n|-damage|p2a: Melmetal|76/100\n|\n|-heal|p2a: Melmetal|82/100|[from] Grassy Terrain\n|-heal|p2a: Melmetal|88/100|[from] item: Leftovers\n|upkeep\n|turn|115\n|chat| AmoMeuPaieMinhaMae|memphisdepayy memphisdepayy memphisde papapay\n|\n|t:|1791067962\n|move|p1a: Gastrodon|Protect|p1a: Gastrodon\n|-singleturn|p1a: Gastrodon|Protect\n|move|p2a: Melmetal|Substitute|p2a: Melmetal\n|-fail|p2a: Melmetal|move: Substitute\n|\n|-heal|p2a: Melmetal|94/100|[from] Grassy Terrain\n|-heal|p2a: Melmetal|99/100|[from] item: Leftovers\n|upkeep\n|turn|116\n|\n|t:|1791067962\n|move|p2a: Melmetal|Double Iron Bash|p1a: Gastrodon\n|-resisted|p1a: Gastrodon\n|-damage|p1a: Gastrodon|75/100\n|-resisted|p1a: Gastrodon\n|-damage|p1a: Gastrodon|53/100\n|-hitcount|p1a: Gastrodon|2\n|cant|p1a: Gastrodon|flinch\n|\n|-heal|p2a: Melmetal|100/100|[from] Grassy Terrain\n|-heal|p1a: Gastrodon|59/100|[from] Grassy Terrain\n|-heal|p1a: Gastrodon|65/100|[from] item: Leftovers\n|-fieldend|move: Grassy Terrain\n|upkeep\n|turn|117\n|chat|%Eden-soul \u30cd\u30aa|isso aqui e suco puro de Stall\n|\n|t:|1791067962\n|move|p2a: Melmetal|Double Iron Bash|p1a: Gastrodon\n|-resisted|p1a: Gastrodon\n|-damage|p1a: Gastrodon|41/100\n|-resisted|p1a: Gastrodon\n|-damage|p1a: Gastrodon|15/100\n|-hitcount|p1a: Gastrodon|2\n|move|p1a: Gastrodon|Recover|p1a: Gastrodon\n|-heal|p1a: Gastrodon|65/100\n|\n|-heal|p1a: Gastrodon|71/100|[from] item: Leftovers\n|upkeep\n|turn|118\n|\n|t:|1791067962\n|move|p1a: Gastrodon|Protect|p1a: Gastrodon\n|-singleturn|p1a: Gastrodon|Protect\n|move|p2a: Melmetal|Substitute|p2a: Melmetal\n|-fail|p2a: Melmetal|move: Substitute\n|\n|-heal|p1a: Gastrodon|77/100|[from] item: Leftovers\n|upkeep\n|turn|119\n|\n|t:|1791067962\n|switch|p1a: Toxapex|Toxapex, F|100/100 brn\n|move|p2a: Melmetal|Earthquake|p1a: Toxapex\n|-supereffective|p1a: Toxapex\n|-damage|p1a: Toxapex|48/100 brn\n|\n|-damage|p1a: Toxapex|42/100 brn|[from] brn\n|upkeep\n|turn|120\n|chat| cute vn|jotao n sabe jogar\n|chat| cute vn|e tem q jogar\n|chat| cute vn|assim\n|\n|t:|1791067962\n|switch|p1a: Corviknight|Corviknight, F|100/100\n|-ability|p1a: Corviknight|Pressure\n|move|p2a: Melmetal|Earthquake|p1a: Corviknight\n|-immune|p1a: Corviknight\n|\n|upkeep\n|turn|121\n|chat| sagazinha|concordo vinizin\n|\n|t:|1791067962\n|switch|p1a: Gastrodon|Gastrodon-East, F, shiny|77/100\n|move|p2a: Melmetal|Thunder Punch|p1a: Gastrodon\n|-immune|p1a: Gastrodon\n|\n|-heal|p1a: Gastrodon|83/100|[from] item: Leftovers\n|upkeep\n|turn|122\n|chat|\u2606memphisdepayy|vinizin e sagaz\n|chat|\u2606memphisdepayy|q sabem\n|\n|t:|1791067962\n|switch|p2a: Rillaboom|Rillaboom, M|100/100\n|-fieldstart|move: Grassy Terrain|[from] ability: Grassy Surge|[of] p2a: Rillaboom\n|move|p1a: Gastrodon|Protect||[still]\n|-fail|p1a: Gastrodon\n|\n|-heal|p1a: Gastrodon|89/100|[from] Grassy Terrain\n|-heal|p1a: Gastrodon|95/100|[from] item: Leftovers\n|upkeep\n|turn|123\n|\n|t:|1791067962\n|switch|p1a: Corviknight|Corviknight, F|100/100\n|-ability|p1a: Corviknight|Pressure\n|move|p2a: Rillaboom|Swords Dance|p2a: Rillaboom\n|-boost|p2a: Rillaboom|atk|2\n|\n|upkeep\n|turn|124\n|chat| cute vn|eu pelo menos n clico roost\n|chat| cute vn|3x\n|chat| cute vn|seguidas\n|chat| cute vn|rs\n|\n|t:|1791067962\n|move|p2a: Rillaboom|Drain Punch|p1a: Corviknight\n|-damage|p1a: Corviknight|67/100\n|move|p1a: Corviknight|Iron Defense|p1a: Corviknight\n|-boost|p1a: Corviknight|def|2\n|\n|upkeep\n|turn|125\n|chat| sagazinha|vc saca o slowking turno 1\n|chat|\u2606memphisdepayy|ss\n|\n|t:|1791067962\n|move|p2a: Rillaboom|Drain Punch|p1a: Corviknight\n|-damage|p1a: Corviknight|49/100\n|move|p1a: Corviknight|Roost|p1a: Corviknight\n|-heal|p1a: Corviknight|99/100\n|-singleturn|p1a: Corviknight|move: Roost\n|\n|-heal|p1a: Corviknight|100/100|[from] Grassy Terrain\n|upkeep\n|turn|126\n|\n|t:|1791067962\n|switch|p2a: Tornadus|Tornadus-Therian, M|100/100 brn\n|move|p1a: Corviknight|Body Press|p2a: Tornadus\n|-resisted|p2a: Tornadus\n|-damage|p2a: Tornadus|75/100 brn\n|\n|-damage|p2a: Tornadus|68/100 brn|[from] brn\n|-fieldend|move: Grassy Terrain\n|upkeep\n|turn|127\n|chat| sagazinha|\u00e9 o rila bom\n|chat| sagazinha|rila bummm\n|\n|t:|1791067962\n|switch|p1a: Clefable|Clefable, F|100/100\n|move|p2a: Tornadus|U-turn|p1a: Clefable\n|-resisted|p1a: Clefable\n|-damage|p1a: Clefable|98/100\n|\n|t:|1791067962\n|switch|p2a: Melmetal|Melmetal|100/100|[from] U-turn\n|\n|-heal|p1a: Clefable|100/100|[from] item: Leftovers\n|upkeep\n|turn|128\n|\n|t:|1791067962\n|switch|p1a: Toxapex|Toxapex, F|76/100 brn\n|move|p2a: Melmetal|Thunder Punch|p1a: Toxapex\n|-supereffective|p1a: Toxapex\n|-damage|p1a: Toxapex|32/100 brn\n|\n|-damage|p1a: Toxapex|26/100 brn|[from] brn\n|upkeep\n|turn|129\n|\n|t:|1791067962\n|switch|p1a: Corviknight|Corviknight, F|100/100\n|-ability|p1a: Corviknight|Pressure\n|move|p2a: Melmetal|Thunder Punch|p1a: Corviknight\n|-supereffective|p1a: Corviknight\n|-damage|p1a: Corviknight|58/100\n|\n|upkeep\n|turn|130\n|\n|t:|1791067962\n|move|p1a: Corviknight|Roost|p1a: Corviknight\n|-heal|p1a: Corviknight|100/100\n|-singleturn|p1a: Corviknight|move: Roost\n|move|p2a: Melmetal|Earthquake|p1a: Corviknight\n|-supereffective|p1a: Corviknight\n|-damage|p1a: Corviknight|48/100\n|\n|upkeep\n|turn|131\n|\n|t:|1791067962\n|switch|p2a: Heatran|Heatran, M|100/100\n|-item|p2a: Heatran|Air Balloon\n|move|p1a: Corviknight|Roost|p1a: Corviknight\n|-heal|p1a: Corviknight|98/100\n|-singleturn|p1a: Corviknight|move: Roost\n|\n|upkeep\n|turn|132\n|\n|t:|1791067962\n|switch|p2a: Rillaboom|Rillaboom, M|100/100\n|-fieldstart|move: Grassy Terrain|[from] ability: Grassy Surge|[of] p2a: Rillaboom\n|switch|p1a: Gastrodon|Gastrodon-East, F, shiny|95/100\n|\n|-heal|p1a: Gastrodon|100/100|[from] Grassy Terrain\n|upkeep\n|turn|133\n|\n|t:|1791067962\n|switch|p1a: Corviknight|Corviknight, F|98/100\n|-ability|p1a: Corviknight|Pressure\n|move|p2a: Rillaboom|Swords Dance|p2a: Rillaboom\n|-boost|p2a: Rillaboom|atk|2\n|\n|upkeep\n|turn|134\n|\n|t:|1791067962\n|move|p2a: Rillaboom|Knock Off|p1a: Corviknight\n|-damage|p1a: Corviknight|70/100\n|move|p1a: Corviknight|Iron Defense|p1a: Corviknight\n|-boost|p1a: Corviknight|def|2\n|\n|upkeep\n|turn|135\n|\n|t:|1791067962\n|switch|p2a: Garchomp|Garchomp, F|100/100\n|move|p1a: Corviknight|Roost|p1a: Corviknight\n|-heal|p1a: Corviknight|100/100\n|-singleturn|p1a: Corviknight|move: Roost\n|\n|upkeep\n|turn|136\n|\n|t:|1791067962\n|move|p2a: Garchomp|Protect|p2a: Garchomp\n|-singleturn|p2a: Garchomp|Protect\n|move|p1a: Corviknight|Iron Defense|p1a: Corviknight\n|-boost|p1a: Corviknight|def|2\n|\n|-fieldend|move: Grassy Terrain\n|upkeep\n|turn|137\n|\n|t:|1791067962\n|switch|p2a: Tornadus|Tornadus-Therian, M|100/100 brn\n|switch|p1a: Mew|Mew|100/100\n|\n|-damage|p2a: Tornadus|94/100 brn|[from] brn\n|upkeep\n|turn|138\n|\n|t:|1791067962\n|move|p2a: Tornadus|Toxic||[still]\n|-status|p1a: Mew|tox\n|-activate|p1a: Mew|ability: Synchronize\n|-fail|p1a: Mew\n|move|p1a: Mew|Cosmic Power|p1a: Mew\n|-boost|p1a: Mew|def|1\n|-boost|p1a: Mew|spd|1\n|\n|-damage|p1a: Mew|94/100 tox|[from] psn\n|-damage|p2a: Tornadus|88/100 brn|[from] brn\n|upkeep\n|turn|139\n|\n|t:|1791067962\n|switch|p2a: Garchomp|Garchomp, F|100/100\n|move|p1a: Mew|Body Press|p2a: Garchomp\n|-damage|p2a: Garchomp|74/100\n|-damage|p1a: Mew|82/100 tox|[from] ability: Rough Skin|[of] p2a: Garchomp\n|\n|-heal|p2a: Garchomp|80/100|[from] item: Leftovers\n|-damage|p1a: Mew|69/100 tox|[from] psn\n|upkeep\n|turn|140\n|\n|t:|1791067962\n|switch|p1a: Corviknight|Corviknight, F|100/100\n|-ability|p1a: Corviknight|Pressure\n|move|p2a: Garchomp|Stealth Rock|p1a: Corviknight\n|-sidestart|p1: memphisdepayy|move: Stealth Rock\n|\n|-heal|p2a: Garchomp|87/100|[from] item: Leftovers\n|upkeep\n|turn|141\n|\n|t:|1791067962\n|switch|p2a: Heatran|Heatran, M|100/100\n|-item|p2a: Heatran|Air Balloon\n|move|p1a: Corviknight|Defog|p2a: Heatran\n|-unboost|p2a: Heatran|evasion|1\n|-sideend|p1: memphisdepayy|Stealth Rock|[from] move: Defog|[of] p1a: Corviknight\n|\n|upkeep\n|turn|142\n|\n|t:|1791067962\n|switch|p2a: Rillaboom|Rillaboom, M|100/100\n|-fieldstart|move: Grassy Terrain|[from] ability: Grassy Surge|[of] p2a: Rillaboom\n|switch|p1a: Gastrodon|Gastrodon-East, F, shiny|100/100\n|\n|upkeep\n|turn|143\n|\n|t:|1791067962\n|switch|p2a: Garchomp|Garchomp, F|87/100\n|switch|p1a: Dragonite|Dragonite, M|100/100\n|\n|-heal|p2a: Garchomp|93/100|[from] Grassy Terrain\n|-heal|p2a: Garchomp|99/100|[from] item: Leftovers\n|upkeep\n|turn|144\n|\n|t:|1791067962\n|switch|p1a: Corviknight|Corviknight, F|100/100\n|-ability|p1a: Corviknight|Pressure\n|move|p2a: Garchomp|Stealth Rock|p1a: Corviknight\n|-sidestart|p1: memphisdepayy|move: Stealth Rock\n|\n|-heal|p2a: Garchomp|100/100|[from] Grassy Terrain\n|upkeep\n|turn|145\n|\n|t:|1791067962\n|move|p2a: Garchomp|Protect|p2a: Garchomp\n|-singleturn|p2a: Garchomp|Protect\n|move|p1a: Corviknight|Defog|p2a: Garchomp\n|-activate|p2a: Garchomp|move: Protect\n|\n|upkeep\n|turn|146\n|\n|t:|1791067962\n|move|p2a: Garchomp|Protect|p2a: Garchomp\n|-singleturn|p2a: Garchomp|Protect\n|move|p1a: Corviknight|Defog|p2a: Garchomp\n|-activate|p2a: Garchomp|move: Protect\n|\n|-fieldend|move: Grassy Terrain\n|upkeep\n|turn|147\n|chat|\u2606memphisdepayy|sagazinha\n|chat|\u2606memphisdepayy|vinizin no lugar do otavio aq\n|chat|\u2606memphisdepayy|ja tinha tomado burn\n|chat|\u2606memphisdepayy|no rillaboom\n|\n|t:|1791067962\n|switch|p2a: Tornadus|Tornadus-Therian, M|100/100 brn\n|move|p1a: Corviknight|Defog|p2a: Tornadus\n|-unboost|p2a: Tornadus|evasion|1\n|-sideend|p1: memphisdepayy|Stealth Rock|[from] move: Defog|[of] p1a: Corviknight\n|\n|-damage|p2a: Tornadus|94/100 brn|[from] brn\n|upkeep\n|turn|148\n|chat| cute vn|n to entendendo\n|chat| cute vn|a piadinha\n|\n|t:|1791067962\n|switch|p2a: Melmetal|Melmetal|100/100\n|switch|p1a: Clefable|Clefable, F|100/100\n|\n|upkeep\n|turn|149\n|\n|t:|1791067962\n|switch|p1a: Gastrodon|Gastrodon-East, F, shiny|100/100\n|move|p2a: Melmetal|Thunder Punch|p1a: Gastrodon\n|-immune|p1a: Gastrodon\n|\n|upkeep\n|turn|150\n|\n|t:|1791067962\n|move|p2a: Melmetal|Substitute|p2a: Melmetal\n|-start|p2a: Melmetal|Substitute\n|-damage|p2a: Melmetal|76/100\n|move|p1a: Gastrodon|Scald|p2a: Melmetal\n|-activate|p2a: Melmetal|move: Substitute|[damage]\n|\n|-heal|p2a: Melmetal|82/100|[from] item: Leftovers\n|upkeep\n|turn|151\n|\n|t:|1791067962\n|move|p1a: Gastrodon|Protect|p1a: Gastrodon\n|-singleturn|p1a: Gastrodon|Protect\n|move|p2a: Melmetal|Earthquake|p1a: Gastrodon\n|-activate|p1a: Gastrodon|move: Protect\n|\n|-heal|p2a: Melmetal|88/100|[from] item: Leftovers\n|upkeep\n|turn|152\n|chat| sagazinha|ss\n|\n|t:|1791067962\n|move|p2a: Melmetal|Thunder Punch|p1a: Gastrodon\n|-immune|p1a: Gastrodon\n|move|p1a: Gastrodon|Recover||[still]\n|-fail|p1a: Gastrodon|heal\n|\n|-heal|p2a: Melmetal|94/100|[from] item: Leftovers\n|upkeep\n|turn|153\n|chat| AmoMeuPaieMinhaMae|memphisdepayy memphisdepayy memphisde papapay\n|\n|t:|1791067962\n|move|p1a: Gastrodon|Protect|p1a: Gastrodon\n|-singleturn|p1a: Gastrodon|Protect\n|move|p2a: Melmetal|Earthquake|p1a: Gastrodon\n|-activate|p1a: Gastrodon|move: Protect\n|\n|-heal|p2a: Melmetal|99/100|[from] item: Leftovers\n|upkeep\n|turn|154\n|\n|t:|1791067962\n|switch|p1a: Corviknight|Corviknight, F|100/100\n|-ability|p1a: Corviknight|Pressure\n|move|p2a: Melmetal|Earthquake|p1a: Corviknight\n|-immune|p1a: Corviknight\n|\n|-heal|p2a: Melmetal|100/100|[from] item: Leftovers\n|upkeep\n|turn|155\n|\n|t:|1791067962\n|switch|p1a: Gastrodon|Gastrodon-East, F, shiny|100/100\n|switch|p2a: Rillaboom|Rillaboom, M|100/100\n|-fieldstart|move: Grassy Terrain|[from] ability: Grassy Surge|[of] p2a: Rillaboom\n|\n|upkeep\n|turn|156\n|\n|t:|1791067962\n|switch|p2a: Garchomp|Garchomp, F|100/100\n|switch|p1a: Corviknight|Corviknight, F|100/100\n|-ability|p1a: Corviknight|Pressure\n|\n|upkeep\n|turn|157\n|\n|t:|1791067962\n|move|p2a: Garchomp|Stealth Rock|p1a: Corviknight\n|-sidestart|p1: memphisdepayy|move: Stealth Rock\n|move|p1a: Corviknight|Iron Defense|p1a: Corviknight\n|-boost|p1a: Corviknight|def|2\n|\n|upkeep\n|turn|158\n|\n|t:|1791067962\n|move|p2a: Garchomp|Protect|p2a: Garchomp\n|-singleturn|p2a: Garchomp|Protect\n|move|p1a: Corviknight|Body Press|p2a: Garchomp\n|-activate|p2a: Garchomp|move: Protect\n|\n|upkeep\n|turn|159\n|\n|t:|1791067962\n|move|p2a: Garchomp|Protect||[still]\n|-fail|p2a: Garchomp\n|move|p1a: Corviknight|Defog|p2a: Garchomp\n|-unboost|p2a: Garchomp|evasion|1\n|-sideend|p1: memphisdepayy|Stealth Rock|[from] move: Defog|[of] p1a: Corviknight\n|-fieldend|move: Grassy Terrain\n|\n|upkeep\n|turn|160\n|\n|t:|1791067962\n|move|p2a: Garchomp|Stealth Rock|p1a: Corviknight\n|-sidestart|p1: memphisdepayy|move: Stealth Rock\n|move|p1a: Corviknight|Body Press|p2a: Garchomp\n|-crit|p2a: Garchomp\n|-damage|p2a: Garchomp|35/100\n|-damage|p1a: Corviknight|88/100|[from] ability: Rough Skin|[of] p2a: Garchomp\n|\n|-heal|p2a: Garchomp|41/100|[from] item: Leftovers\n|upkeep\n|turn|161\n|\n|t:|1791067962\n|move|p2a: Garchomp|Protect|p2a: Garchomp\n|-singleturn|p2a: Garchomp|Protect\n|move|p1a: Corviknight|Defog|p2a: Garchomp\n|-activate|p2a: Garchomp|move: Protect\n|\n|-heal|p2a: Garchomp|47/100|[from] item: Leftovers\n|upkeep\n|turn|162\n|\n|t:|1791067962\n|switch|p2a: Tornadus|Tornadus-Therian, M|100/100 brn\n|move|p1a: Corviknight|Defog|p2a: Tornadus\n|-unboost|p2a: Tornadus|evasion|1\n|-sideend|p1: memphisdepayy|Stealth Rock|[from] move: Defog|[of] p1a: Corviknight\n|\n|-damage|p2a: Tornadus|94/100 brn|[from] brn\n|upkeep\n|turn|163\n|\n|t:|1791067962\n|switch|p1a: Clefable|Clefable, F|100/100\n|move|p2a: Tornadus|U-turn|p1a: Clefable\n|-resisted|p1a: Clefable\n|-damage|p1a: Clefable|98/100\n|\n|t:|1791067962\n|switch|p2a: Melmetal|Melmetal|100/100|[from] U-turn\n|\n|-heal|p1a: Clefable|100/100|[from] item: Leftovers\n|upkeep\n|turn|164\n|\n|t:|1791067962\n|switch|p1a: Corviknight|Corviknight, F|88/100\n|-ability|p1a: Corviknight|Pressure\n|move|p2a: Melmetal|Earthquake|p1a: Corviknight\n|-immune|p1a: Corviknight\n|\n|upkeep\n|turn|165\n|\n|t:|1791067962\n|switch|p1a: Gastrodon|Gastrodon-East, F, shiny|100/100\n|move|p2a: Melmetal|Thunder Punch|p1a: Gastrodon\n|-immune|p1a: Gastrodon\n|\n|upkeep\n|turn|166\n|\n|t:|1791067962\n|switch|p2a: Tornadus|Tornadus-Therian, M|100/100 brn\n|move|p1a: Gastrodon|Scald|p2a: Tornadus\n|-damage|p2a: Tornadus|75/100 brn\n|\n|-damage|p2a: Tornadus|69/100 brn|[from] brn\n|upkeep\n|turn|167\n|\n|t:|1791067962\n|switch|p2a: Rillaboom|Rillaboom, M|100/100\n|-fieldstart|move: Grassy Terrain|[from] ability: Grassy Surge|[of] p2a: Rillaboom\n|move|p1a: Gastrodon|Protect||[still]\n|-fail|p1a: Gastrodon\n|\n|upkeep\n|turn|168\n|\n|t:|1791067962\n|switch|p2a: Garchomp|Garchomp, F|47/100\n|switch|p1a: Corviknight|Corviknight, F|88/100\n|-ability|p1a: Corviknight|Pressure\n|\n|-heal|p2a: Garchomp|53/100|[from] Grassy Terrain\n|-heal|p2a: Garchomp|60/100|[from] item: Leftovers\n|upkeep\n|turn|169\n|\n|t:|1791067962\n|move|p2a: Garchomp|Stealth Rock|p1a: Corviknight\n|-sidestart|p1: memphisdepayy|move: Stealth Rock\n|move|p1a: Corviknight|Iron Defense|p1a: Corviknight\n|-boost|p1a: Corviknight|def|2\n|\n|-heal|p2a: Garchomp|66/100|[from] Grassy Terrain\n|-heal|p2a: Garchomp|72/100|[from] item: Leftovers\n|upkeep\n|turn|170\n|\n|t:|1791067962\n|move|p2a: Garchomp|Protect|p2a: Garchomp\n|-singleturn|p2a: Garchomp|Protect\n|move|p1a: Corviknight|Body Press|p2a: Garchomp\n|-activate|p2a: Garchomp|move: Protect\n|\n|-heal|p2a: Garchomp|78/100|[from] Grassy Terrain\n|-heal|p2a: Garchomp|85/100|[from] item: Leftovers\n|upkeep\n|turn|171\n|\n|t:|1791067962\n|switch|p2a: Tornadus|Tornadus-Therian, M|100/100 brn\n|move|p1a: Corviknight|Defog|p2a: Tornadus\n|-unboost|p2a: Tornadus|evasion|1\n|-sideend|p1: memphisdepayy|Stealth Rock|[from] move: Defog|[of] p1a: Corviknight\n|-fieldend|move: Grassy Terrain\n|\n|-damage|p2a: Tornadus|94/100 brn|[from] brn\n|upkeep\n|turn|172\n|\n|t:|1791067962\n|switch|p1a: Clefable|Clefable, F|100/100\n|move|p2a: Tornadus|U-turn|p1a: Clefable\n|-resisted|p1a: Clefable\n|-damage|p1a: Clefable|98/100\n|\n|t:|1791067962\n|switch|p2a: Melmetal|Melmetal|100/100|[from] U-turn\n|\n|-heal|p1a: Clefable|100/100|[from] item: Leftovers\n|upkeep\n|turn|173\n|\n|t:|1791067962\n|switch|p1a: Gastrodon|Gastrodon-East, F, shiny|100/100\n|move|p2a: Melmetal|Earthquake|p1a: Gastrodon\n|-damage|p1a: Gastrodon|57/100\n|\n|-heal|p1a: Gastrodon|63/100|[from] item: Leftovers\n|upkeep\n|turn|174\n|\n|t:|1791067962\n|move|p2a: Melmetal|Earthquake|p1a: Gastrodon\n|-damage|p1a: Gastrodon|20/100\n|move|p1a: Gastrodon|Recover|p1a: Gastrodon\n|-heal|p1a: Gastrodon|70/100\n|\n|-heal|p1a: Gastrodon|76/100|[from] item: Leftovers\n|upkeep\n|turn|175\n|\n|t:|1791067962\n|switch|p2a: Rillaboom|Rillaboom, M|100/100\n|-fieldstart|move: Grassy Terrain|[from] ability: Grassy Surge|[of] p2a: Rillaboom\n|move|p1a: Gastrodon|Protect||[still]\n|-fail|p1a: Gastrodon\n|\n|-heal|p1a: Gastrodon|82/100|[from] Grassy Terrain\n|-heal|p1a: Gastrodon|89/100|[from] item: Leftovers\n|upkeep\n|turn|176\n|\n|t:|1791067962\n|switch|p2a: Garchomp|Garchomp, F|85/100\n|switch|p1a: Corviknight|Corviknight, F|88/100\n|-ability|p1a: Corviknight|Pressure\n|\n|-heal|p2a: Garchomp|91/100|[from] Grassy Terrain\n|-heal|p2a: Garchomp|97/100|[from] item: Leftovers\n|upkeep\n|turn|177\n|\n|t:|1791067962\n|move|p2a: Garchomp|Stealth Rock|p1a: Corviknight\n|-sidestart|p1: memphisdepayy|move: Stealth Rock\n|move|p1a: Corviknight|Iron Defense|p1a: Corviknight\n|-boost|p1a: Corviknight|def|2\n|\n|-heal|p2a: Garchomp|100/100|[from] Grassy Terrain\n|upkeep\n|turn|178\n|\n|t:|1791067962\n|move|p2a: Garchomp|Protect|p2a: Garchomp\n|-singleturn|p2a: Garchomp|Protect\n|move|p1a: Corviknight|Defog|p2a: Garchomp\n|-activate|p2a: Garchomp|move: Protect\n|\n|upkeep\n|turn|179\n|\n|t:|1791067962\n|switch|p2a: Tornadus|Tornadus-Therian, M|100/100 brn\n|move|p1a: Corviknight|Defog|p2a: Tornadus\n|-unboost|p2a: Tornadus|evasion|1\n|-sideend|p1: memphisdepayy|Stealth Rock|[from] move: Defog|[of] p1a: Corviknight\n|-fieldend|move: Grassy Terrain\n|\n|-damage|p2a: Tornadus|94/100 brn|[from] brn\n|upkeep\n|turn|180\n|\n|t:|1791067962\n|switch|p1a: Clefable|Clefable, F|100/100\n|move|p2a: Tornadus|U-turn|p1a: Clefable\n|-resisted|p1a: Clefable\n|-damage|p1a: Clefable|98/100\n|\n|t:|1791067962\n|switch|p2a: Melmetal|Melmetal|100/100|[from] U-turn\n|\n|-heal|p1a: Clefable|100/100|[from] item: Leftovers\n|upkeep\n|turn|181\n|\n|t:|1791067962\n|switch|p1a: Gastrodon|Gastrodon-East, F, shiny|89/100\n|switch|p2a: Rillaboom|Rillaboom, M|100/100\n|-fieldstart|move: Grassy Terrain|[from] ability: Grassy Surge|[of] p2a: Rillaboom\n|\n|-heal|p1a: Gastrodon|95/100|[from] Grassy Terrain\n|-heal|p1a: Gastrodon|100/100|[from] item: Leftovers\n|upkeep\n|turn|182\n|\n|t:|1791067962\n|switch|p1a: Corviknight|Corviknight, F|88/100\n|-ability|p1a: Corviknight|Pressure\n|move|p2a: Rillaboom|Swords Dance|p2a: Rillaboom\n|-boost|p2a: Rillaboom|atk|2\n|\n|upkeep\n|turn|183\n|\n|t:|1791067962\n|move|p2a: Rillaboom|Knock Off|p1a: Corviknight\n|-damage|p1a: Corviknight|59/100\n|move|p1a: Corviknight|Iron Defense|p1a: Corviknight\n|-boost|p1a: Corviknight|def|2\n|\n|upkeep\n|turn|184\n|\n|t:|1791067962\n|move|p2a: Rillaboom|Knock Off|p1a: Corviknight\n|-crit|p1a: Corviknight\n|-damage|p1a: Corviknight|18/100\n|move|p1a: Corviknight|Roost|p1a: Corviknight\n|-heal|p1a: Corviknight|68/100\n|-singleturn|p1a: Corviknight|move: Roost\n|\n|-heal|p1a: Corviknight|74/100|[from] Grassy Terrain\n|upkeep\n|turn|185\n|\n|t:|1791067962\n|move|p2a: Rillaboom|Knock Off|p1a: Corviknight\n|-damage|p1a: Corviknight|59/100\n|move|p1a: Corviknight|Body Press|p2a: Rillaboom\n|-damage|p2a: Rillaboom|55/100\n|\n|-heal|p2a: Rillaboom|61/100|[from] Grassy Terrain\n|-heal|p2a: Rillaboom|67/100|[from] item: Leftovers\n|-fieldend|move: Grassy Terrain\n|upkeep\n|turn|186\n|\n|t:|1791067962\n|switch|p2a: Tornadus|Tornadus-Therian, M|100/100 brn\n|move|p1a: Corviknight|Roost|p1a: Corviknight\n|-heal|p1a: Corviknight|100/100\n|-singleturn|p1a: Corviknight|move: Roost\n|\n|-damage|p2a: Tornadus|94/100 brn|[from] brn\n|upkeep\n|turn|187\n|\n|t:|1791067962\n|switch|p1a: Clefable|Clefable, F|100/100\n|move|p2a: Tornadus|U-turn|p1a: Clefable\n|-resisted|p1a: Clefable\n|-damage|p1a: Clefable|98/100\n|\n|t:|1791067962\n|switch|p2a: Melmetal|Melmetal|100/100|[from] U-turn\n|\n|-heal|p1a: Clefable|100/100|[from] item: Leftovers\n|upkeep\n|turn|188\n|\n|t:|1791067962\n|switch|p1a: Gastrodon|Gastrodon-East, F, shiny|100/100\n|move|p2a: Melmetal|Double Iron Bash|p1a: Gastrodon\n|-resisted|p1a: Gastrodon\n|-damage|p1a: Gastrodon|78/100\n|-resisted|p1a: Gastrodon\n|-damage|p1a: Gastrodon|54/100\n|-hitcount|p1a: Gastrodon|2\n|\n|-heal|p1a: Gastrodon|60/100|[from] item: Leftovers\n|upkeep\n|turn|189\n|\n|t:|1791067962\n|switch|p2a: Rillaboom|Rillaboom, M|67/100\n|-fieldstart|move: Grassy Terrain|[from] ability: Grassy Surge|[of] p2a: Rillaboom\n|move|p1a: Gastrodon|Protect||[still]\n|-fail|p1a: Gastrodon\n|\n|-heal|p2a: Rillaboom|73/100|[from] Grassy Terrain\n|-heal|p2a: Rillaboom|80/100|[from] item: Leftovers\n|-heal|p1a: Gastrodon|66/100|[from] Grassy Terrain\n|-heal|p1a: Gastrodon|72/100|[from] item: Leftovers\n|upkeep\n|turn|190\n|\n|t:|1791067962\n|switch|p1a: Corviknight|Corviknight, F|100/100\n|-ability|p1a: Corviknight|Pressure\n|move|p2a: Rillaboom|Swords Dance|p2a: Rillaboom\n|-boost|p2a: Rillaboom|atk|2\n|\n|-heal|p2a: Rillaboom|86/100|[from] Grassy Terrain\n|-heal|p2a: Rillaboom|92/100|[from] item: Leftovers\n|upkeep\n|turn|191\n|\n|t:|1791067962\n|move|p2a: Rillaboom|Knock Off|p1a: Corviknight\n|-damage|p1a: Corviknight|69/100\n|move|p1a: Corviknight|Iron Defense|p1a: Corviknight\n|-boost|p1a: Corviknight|def|2\n|\n|-heal|p2a: Rillaboom|98/100|[from] Grassy Terrain\n|-heal|p2a: Rillaboom|100/100|[from] item: Leftovers\n|upkeep\n|turn|192\n|\n|t:|1791067962\n|move|p2a: Rillaboom|Knock Off|p1a: Corviknight\n|-damage|p1a: Corviknight|53/100\n|move|p1a: Corviknight|Roost|p1a: Corviknight\n|-heal|p1a: Corviknight|100/100\n|-singleturn|p1a: Corviknight|move: Roost\n|\n|upkeep\n|turn|193\n|\n|t:|1791067962\n|switch|p2a: Garchomp|Garchomp, F|100/100\n|move|p1a: Corviknight|Body Press|p2a: Garchomp\n|-damage|p2a: Garchomp|55/100\n|-damage|p1a: Corviknight|88/100|[from] ability: Rough Skin|[of] p2a: Garchomp\n|\n|-heal|p2a: Garchomp|61/100|[from] Grassy Terrain\n|-heal|p2a: Garchomp|67/100|[from] item: Leftovers\n|-fieldend|move: Grassy Terrain\n|upkeep\n|turn|194\n|\n|t:|1791067962\n|move|p2a: Garchomp|Stealth Rock|p1a: Corviknight\n|-sidestart|p1: memphisdepayy|move: Stealth Rock\n|move|p1a: Corviknight|Iron Defense|p1a: Corviknight\n|-boost|p1a: Corviknight|def|2\n|\n|-heal|p2a: Garchomp|73/100|[from] item: Leftovers\n|upkeep\n|turn|195\n|\n|t:|1791067962\n|switch|p2a: Tornadus|Tornadus-Therian, M|100/100 brn\n|move|p1a: Corviknight|Body Press|p2a: Tornadus\n|-resisted|p2a: Tornadus\n|-damage|p2a: Tornadus|64/100 brn\n|\n|-damage|p2a: Tornadus|58/100 brn|[from] brn\n|upkeep\n|turn|196\n|\n|t:|1791067962\n|switch|p1a: Dragonite|Dragonite, M|100/100\n|-damage|p1a: Dragonite|76/100|[from] Stealth Rock\n|move|p2a: Tornadus|Heat Wave|p1a: Dragonite\n|-resisted|p1a: Dragonite\n|-damage|p1a: Dragonite|68/100\n|\n|-damage|p2a: Tornadus|52/100 brn|[from] brn\n|upkeep\n|turn|197\n|\n|t:|1791067962\n|move|p2a: Tornadus|U-turn|p1a: Dragonite\n|-resisted|p1a: Dragonite\n|-damage|p1a: Dragonite|65/100\n|\n|t:|1791067962\n|switch|p2a: Heatran|Heatran, M|100/100|[from] U-turn\n|-item|p2a: Heatran|Air Balloon\n|move|p1a: Dragonite|Defog|p2a: Heatran\n|-unboost|p2a: Heatran|evasion|1\n|-sideend|p1: memphisdepayy|Stealth Rock|[from] move: Defog|[of] p1a: Dragonite\n|\n|upkeep\n|turn|198\n|\n|t:|1791067962\n|move|p2a: Heatran|Magma Storm|p1a: Dragonite\n|-resisted|p1a: Dragonite\n|-damage|p1a: Dragonite|45/100\n|-activate|p1a: Dragonite|move: Magma Storm|[of] p2a: Heatran\n|move|p1a: Dragonite|Roost|p1a: Dragonite\n|-heal|p1a: Dragonite|95/100\n|-singleturn|p1a: Dragonite|move: Roost\n|\n|-damage|p1a: Dragonite|82/100|[from] move: Magma Storm|[partiallytrapped]\n|upkeep\n|turn|199\n|\n|t:|1791067962\n|move|p2a: Heatran|Taunt|p1a: Dragonite\n|-start|p1a: Dragonite|move: Taunt\n|cant|p1a: Dragonite|move: Taunt|Defog\n|\n|-damage|p1a: Dragonite|70/100|[from] move: Magma Storm|[partiallytrapped]\n|upkeep\n|turn|200\n|\n|t:|1791067962\n|move|p2a: Heatran|Eruption|p1a: Dragonite\n|-resisted|p1a: Dragonite\n|-damage|p1a: Dragonite|39/100\n|move|p1a: Dragonite|Earthquake|p2a: Heatran\n|-immune|p2a: Heatran\n|\n|-damage|p1a: Dragonite|27/100|[from] move: Magma Storm|[partiallytrapped]\n|upkeep\n|turn|201\n|\n|t:|1791067962\n|move|p2a: Heatran|Eruption|p1a: Dragonite\n|-resisted|p1a: Dragonite\n|-damage|p1a: Dragonite|0 fnt\n|faint|p1a: Dragonite\n|\n|upkeep\n|\n|t:|1791067962\n|switch|p1a: Gastrodon|Gastrodon-East, F, shiny|72/100\n|turn|202\n|\n|t:|1791067962\n|move|p2a: Heatran|Magma Storm|p1a: Gastrodon\n|-resisted|p1a: Gastrodon\n|-damage|p1a: Gastrodon|53/100\n|-activate|p1a: Gastrodon|move: Magma Storm|[of] p2a: Heatran\n|move|p1a: Gastrodon|Scald|p2a: Heatran\n|-supereffective|p2a: Heatran\n|-crit|p2a: Heatran\n|-damage|p2a: Heatran|18/100\n|-enditem|p2a: Heatran|Air Balloon\n|\n|-heal|p1a: Gastrodon|59/100|[from] item: Leftovers\n|-damage|p1a: Gastrodon|47/100|[from] move: Magma Storm|[partiallytrapped]\n|upkeep\n|turn|203\n|\n|t:|1791067962\n|switch|p2a: Tornadus|Tornadus-Therian, M|85/100 brn\n|move|p1a: Gastrodon|Scald|p2a: Tornadus\n|-damage|p2a: Tornadus|59/100 brn\n|\n|-heal|p1a: Gastrodon|53/100|[from] item: Leftovers\n|-damage|p2a: Tornadus|53/100 brn|[from] brn\n|-end|p1a: Gastrodon|Magma Storm|[partiallytrapped]|[silent]\n|upkeep\n|turn|204\n|\n|t:|1791067962\n|move|p2a: Tornadus|U-turn|p1a: Gastrodon\n|-damage|p1a: Gastrodon|45/100\n|\n|t:|1791067962\n|switch|p2a: Toxapex|Toxapex, F|100/100|[from] U-turn\n|move|p1a: Gastrodon|Scald|p2a: Toxapex\n|-resisted|p2a: Toxapex\n|-damage|p2a: Toxapex|91/100\n|\n|-heal|p1a: Gastrodon|51/100|[from] item: Leftovers\n|upkeep\n|turn|205\n|\n|t:|1791067962\n|switch|p2a: Tornadus|Tornadus-Therian, M|86/100 brn\n|move|p1a: Gastrodon|Recover|p1a: Gastrodon\n|-heal|p1a: Gastrodon|100/100\n|\n|-damage|p2a: Tornadus|80/100 brn|[from] brn\n|upkeep\n|turn|206\n|\n|t:|1791067962\n|switch|p2a: Toxapex|Toxapex, F|100/100\n|switch|p1a: Clefable|Clefable, F|100/100\n|\n|upkeep\n|turn|207\n|\n|t:|1791067962\n|switch|p2a: Melmetal|Melmetal|100/100\n|move|p1a: Clefable|Aromatherapy|p1a: Clefable\n|-activate|p1a: Clefable|move: Aromatherapy\n|-curestatus|p1: Toxapex|brn|[msg]\n|-curestatus|p1: Mew|tox|[msg]\n|\n|upkeep\n|turn|208\n|\n|t:|1791067962\n|switch|p1a: Toxapex|Toxapex, F|59/100\n|switch|p2a: Rillaboom|Rillaboom, M|100/100\n|-fieldstart|move: Grassy Terrain|[from] ability: Grassy Surge|[of] p2a: Rillaboom\n|\n|-heal|p1a: Toxapex|65/100|[from] Grassy Terrain\n|upkeep\n|turn|209\n|\n|t:|1791067962\n|move|p2a: Rillaboom|Swords Dance|p2a: Rillaboom\n|-boost|p2a: Rillaboom|atk|2\n|move|p1a: Toxapex|Knock Off|p2a: Rillaboom\n|-damage|p2a: Rillaboom|86/100\n|-enditem|p2a: Rillaboom|Leftovers|[from] move: Knock Off|[of] p1a: Toxapex\n|\n|-heal|p2a: Rillaboom|93/100|[from] Grassy Terrain\n|-heal|p1a: Toxapex|71/100|[from] Grassy Terrain\n|upkeep\n|turn|210\n|\n|t:|1791067962\n|switch|p1a: Corviknight|Corviknight, F|88/100\n|-ability|p1a: Corviknight|Pressure\n|move|p2a: Rillaboom|Swords Dance|p2a: Rillaboom\n|-boost|p2a: Rillaboom|atk|2\n|\n|-heal|p2a: Rillaboom|99/100|[from] Grassy Terrain\n|upkeep\n|turn|211\n|\n|t:|1791067962\n|move|p2a: Rillaboom|Drain Punch|p1a: Corviknight\n|-damage|p1a: Corviknight|36/100\n|-heal|p2a: Rillaboom|100/100|[from] drain|[of] p1a: Corviknight\n|move|p1a: Corviknight|Iron Defense|p1a: Corviknight\n|-boost|p1a: Corviknight|def|2\n|\n|upkeep\n|turn|212\n|\n|t:|1791067962\n|move|p2a: Rillaboom|Drain Punch|p1a: Corviknight\n|-damage|p1a: Corviknight|12/100\n|move|p1a: Corviknight|Roost|p1a: Corviknight\n|-heal|p1a: Corviknight|62/100\n|-singleturn|p1a: Corviknight|move: Roost\n|\n|-heal|p1a: Corviknight|68/100|[from] Grassy Terrain\n|-fieldend|move: Grassy Terrain\n|upkeep\n|turn|213\n|\n|t:|1791067962\n|move|p2a: Rillaboom|Drain Punch|p1a: Corviknight\n|-damage|p1a: Corviknight|44/100\n|move|p1a: Corviknight|Body Press|p2a: Rillaboom\n|-damage|p2a: Rillaboom|55/100\n|\n|upkeep\n|turn|214\n|\n|t:|1791067962\n|move|p2a: Rillaboom|Drain Punch|p1a: Corviknight\n|-damage|p1a: Corviknight|17/100\n|-heal|p2a: Rillaboom|68/100|[from] drain|[of] p1a: Corviknight\n|move|p1a: Corviknight|Roost|p1a: Corviknight\n|-heal|p1a: Corviknight|67/100\n|-singleturn|p1a: Corviknight|move: Roost\n|\n|upkeep\n|turn|215\n|\n|t:|1791067962\n|switch|p2a: Tornadus|Tornadus-Therian, M|100/100 brn\n|move|p1a: Corviknight|Body Press|p2a: Tornadus\n|-resisted|p2a: Tornadus\n|-damage|p2a: Tornadus|74/100 brn\n|\n|-damage|p2a: Tornadus|68/100 brn|[from] brn\n|upkeep\n|turn|216\n|\n|t:|1791067962\n|switch|p1a: Clefable|Clefable, F|100/100\n|move|p2a: Tornadus|U-turn|p1a: Clefable\n|-resisted|p1a: Clefable\n|-damage|p1a: Clefable|98/100\n|\n|t:|1791067962\n|switch|p2a: Melmetal|Melmetal|100/100|[from] U-turn\n|\n|-heal|p1a: Clefable|100/100|[from] item: Leftovers\n|upkeep\n|turn|217\n|\n|t:|1791067962\n|switch|p1a: Toxapex|Toxapex, F|100/100\n|switch|p2a: Rillaboom|Rillaboom, M|68/100\n|-fieldstart|move: Grassy Terrain|[from] ability: Grassy Surge|[of] p2a: Rillaboom\n|\n|-heal|p2a: Rillaboom|75/100|[from] Grassy Terrain\n|upkeep\n|turn|218\n|\n|t:|1791067962\n|switch|p1a: Corviknight|Corviknight, F|67/100\n|-ability|p1a: Corviknight|Pressure\n|move|p2a: Rillaboom|Swords Dance|p2a: Rillaboom\n|-boost|p2a: Rillaboom|atk|2\n|\n|-heal|p2a: Rillaboom|81/100|[from] Grassy Terrain\n|upkeep\n|turn|219\n|\n|t:|1791067962\n|move|p2a: Rillaboom|Knock Off|p1a: Corviknight\n|-damage|p1a: Corviknight|39/100\n|move|p1a: Corviknight|Iron Defense|p1a: Corviknight\n|-boost|p1a: Corviknight|def|2\n|\n|-heal|p2a: Rillaboom|87/100|[from] Grassy Terrain\n|upkeep\n|turn|220\n|\n|t:|1791067962\n|switch|p2a: Heatran|Heatran, M|18/100\n|move|p1a: Corviknight|Roost|p1a: Corviknight\n|-heal|p1a: Corviknight|89/100\n|-singleturn|p1a: Corviknight|move: Roost\n|\n|-heal|p2a: Heatran|24/100|[from] Grassy Terrain\n|-heal|p1a: Corviknight|95/100|[from] Grassy Terrain\n|upkeep\n|turn|221\n|\n|t:|1791067962\n|switch|p2a: Tornadus|Tornadus-Therian, M|100/100 brn\n|switch|p1a: Gastrodon|Gastrodon-East, F, shiny|100/100\n|\n|-damage|p2a: Tornadus|94/100 brn|[from] brn\n|-fieldend|move: Grassy Terrain\n|upkeep\n|turn|222\n|chat| Sales The Loyal|vamo codenames sexo proibidavio\n|\n|t:|1791067962\n|switch|p1a: Clefable|Clefable, F|100/100\n|move|p2a: Tornadus|Toxic|p1a: Clefable\n|-status|p1a: Clefable|tox\n|\n|-damage|p1a: Clefable|94/100 tox|[from] psn\n|-damage|p2a: Tornadus|88/100 brn|[from] brn\n|upkeep\n|turn|223\n|\n|t:|1791067962\n|move|p2a: Tornadus|U-turn|p1a: Clefable\n|-resisted|p1a: Clefable\n|-damage|p1a: Clefable|92/100 tox\n|\n|t:|1791067962\n|switch|p2a: Melmetal|Melmetal|100/100|[from] U-turn\n|move|p1a: Clefable|Aromatherapy|p1a: Clefable\n|-activate|p1a: Clefable|move: Aromatherapy\n|-curestatus|p1a: Clefable|tox|[msg]\n|\n|-heal|p1a: Clefable|98/100|[from] item: Leftovers\n|upkeep\n|turn|224\n|\n|t:|1791067962\n|switch|p1a: Toxapex|Toxapex, F|100/100\n|switch|p2a: Rillaboom|Rillaboom, M|87/100\n|-fieldstart|move: Grassy Terrain|[from] ability: Grassy Surge|[of] p2a: Rillaboom\n|\n|-heal|p2a: Rillaboom|93/100|[from] Grassy Terrain\n|upkeep\n|turn|225\n|\n|t:|1791067962\n|switch|p1a: Corviknight|Corviknight, F|95/100\n|-ability|p1a: Corviknight|Pressure\n|move|p2a: Rillaboom|Swords Dance|p2a: Rillaboom\n|-boost|p2a: Rillaboom|atk|2\n|\n|-heal|p2a: Rillaboom|99/100|[from] Grassy Terrain\n|upkeep\n|turn|226\n|\n|t:|1791067962\n|move|p2a: Rillaboom|Knock Off|p1a: Corviknight\n|-damage|p1a: Corviknight|63/100\n|move|p1a: Corviknight|Iron Defense|p1a: Corviknight\n|-boost|p1a: Corviknight|def|2\n|\n|-heal|p2a: Rillaboom|100/100|[from] Grassy Terrain\n|upkeep\n|turn|227\n|\n|t:|1791067962\n|switch|p2a: Tornadus|Tornadus-Therian, M|100/100 brn\n|move|p1a: Corviknight|Body Press|p2a: Tornadus\n|-resisted|p2a: Tornadus\n|-crit|p2a: Tornadus\n|-damage|p2a: Tornadus|63/100 brn\n|\n|-damage|p2a: Tornadus|57/100 brn|[from] brn\n|upkeep\n|turn|228\n|\n|t:|1791067962\n|switch|p1a: Clefable|Clefable, F|98/100\n|move|p2a: Tornadus|U-turn|p1a: Clefable\n|-resisted|p1a: Clefable\n|-damage|p1a: Clefable|95/100\n|\n|t:|1791067962\n|switch|p2a: Heatran|Heatran, M|24/100|[from] U-turn\n|\n|-heal|p2a: Heatran|31/100|[from] Grassy Terrain\n|-heal|p1a: Clefable|100/100|[from] Grassy Terrain\n|-fieldend|move: Grassy Terrain\n|upkeep\n|turn|229\n|\n|t:|1791067962\n|switch|p1a: Gastrodon|Gastrodon-East, F, shiny|100/100\n|move|p2a: Heatran|Magma Storm|p1a: Gastrodon|[miss]\n|-miss|p2a: Heatran|p1a: Gastrodon\n|\n|upkeep\n|turn|230\n|\n|t:|1791067962\n|switch|p2a: Tornadus|Tornadus-Therian, M|90/100 brn\n|move|p1a: Gastrodon|Scald|p2a: Tornadus\n|-damage|p2a: Tornadus|66/100 brn\n|\n|-damage|p2a: Tornadus|60/100 brn|[from] brn\n|upkeep\n|turn|231\n|\n|t:|1791067962\n|switch|p2a: Toxapex|Toxapex, F|100/100\n|switch|p1a: Toxapex|Toxapex, F|100/100\n|\n|upkeep\n|turn|232\n|\n|t:|1791067962\n|switch|p1a: Clefable|Clefable, F|100/100\n|switch|p2a: Tornadus|Tornadus-Therian, M|93/100 brn\n|\n|-damage|p2a: Tornadus|87/100 brn|[from] brn\n|upkeep\n|turn|233\n|\n|t:|1791067962\n|switch|p1a: Toxapex|Toxapex, F|100/100\n|move|p2a: Tornadus|U-turn|p1a: Toxapex\n|-resisted|p1a: Toxapex\n|-damage|p1a: Toxapex|99/100\n|\n|t:|1791067962\n|switch|p2a: Rillaboom|Rillaboom, M|100/100|[from] U-turn\n|-fieldstart|move: Grassy Terrain|[from] ability: Grassy Surge|[of] p2a: Rillaboom\n|\n|-heal|p1a: Toxapex|100/100|[from] Grassy Terrain\n|upkeep\n|turn|234\n|\n|t:|1791067962\n|switch|p1a: Corviknight|Corviknight, F|63/100\n|-ability|p1a: Corviknight|Pressure\n|move|p2a: Rillaboom|Swords Dance|p2a: Rillaboom\n|-boost|p2a: Rillaboom|atk|2\n|\n|upkeep\n|turn|235\n|\n|t:|1791067962\n|move|p2a: Rillaboom|Knock Off|p1a: Corviknight\n|-damage|p1a: Corviknight|36/100\n|move|p1a: Corviknight|Iron Defense|p1a: Corviknight\n|-boost|p1a: Corviknight|def|2\n|\n|upkeep\n|turn|236\n|\n|t:|1791067962\n|switch|p2a: Garchomp|Garchomp, F|73/100\n|move|p1a: Corviknight|Roost|p1a: Corviknight\n|-heal|p1a: Corviknight|86/100\n|-singleturn|p1a: Corviknight|move: Roost\n|\n|-heal|p2a: Garchomp|80/100|[from] Grassy Terrain\n|-heal|p2a: Garchomp|86/100|[from] item: Leftovers\n|-heal|p1a: Corviknight|92/100|[from] Grassy Terrain\n|upkeep\n|turn|237\n|\n|t:|1791067962\n|move|p2a: Garchomp|Stealth Rock|p1a: Corviknight\n|-sidestart|p1: memphisdepayy|move: Stealth Rock\n|move|p1a: Corviknight|Body Press|p2a: Garchomp\n|-damage|p2a: Garchomp|44/100\n|-damage|p1a: Corviknight|80/100|[from] ability: Rough Skin|[of] p2a: Garchomp\n|\n|-heal|p2a: Garchomp|50/100|[from] Grassy Terrain\n|-heal|p2a: Garchomp|56/100|[from] item: Leftovers\n|-fieldend|move: Grassy Terrain\n|upkeep\n|turn|238\n|\n|t:|1791067962\n|move|p2a: Garchomp|Protect|p2a: Garchomp\n|-singleturn|p2a: Garchomp|Protect\n|move|p1a: Corviknight|Iron Defense|p1a: Corviknight\n|-boost|p1a: Corviknight|def|2\n|\n|-heal|p2a: Garchomp|63/100|[from] item: Leftovers\n|upkeep\n|turn|239\n|\n|t:|1791067962\n|switch|p2a: Toxapex|Toxapex, F|100/100\n|move|p1a: Corviknight|Defog|p2a: Toxapex\n|-unboost|p2a: Toxapex|evasion|1\n|-sideend|p1: memphisdepayy|Stealth Rock|[from] move: Defog|[of] p1a: Corviknight\n|\n|upkeep\n|turn|240\n|\n|t:|1791067962\n|switch|p1a: Clefable|Clefable, F|100/100\n|switch|p2a: Tornadus|Tornadus-Therian, M|100/100 brn\n|\n|-damage|p2a: Tornadus|94/100 brn|[from] brn\n|upkeep\n|turn|241\n|\n|t:|1791067962\n|move|p2a: Tornadus|Toxic|p1a: Clefable\n|-status|p1a: Clefable|tox\n|move|p1a: Clefable|Calm Mind|p1a: Clefable\n|-boost|p1a: Clefable|spa|1\n|-boost|p1a: Clefable|spd|1\n|\n|-damage|p1a: Clefable|94/100 tox|[from] psn\n|-damage|p2a: Tornadus|88/100 brn|[from] brn\n|upkeep\n|turn|242\n|\n|t:|1791067962\n|move|p2a: Tornadus|U-turn|p1a: Clefable\n|-resisted|p1a: Clefable\n|-damage|p1a: Clefable|92/100 tox\n|\n|t:|1791067962\n|switch|p2a: Melmetal|Melmetal|100/100|[from] U-turn\n|move|p1a: Clefable|Aromatherapy|p1a: Clefable\n|-activate|p1a: Clefable|move: Aromatherapy\n|-curestatus|p1a: Clefable|tox|[msg]\n|\n|-heal|p1a: Clefable|98/100|[from] item: Leftovers\n|upkeep\n|turn|243\n|\n|t:|1791067962\n|switch|p1a: Gastrodon|Gastrodon-East, F, shiny|100/100\n|switch|p2a: Tornadus|Tornadus-Therian, M|100/100 brn\n|\n|-damage|p2a: Tornadus|94/100 brn|[from] brn\n|upkeep\n|turn|244\n|\n|t:|1791067962\n|switch|p1a: Toxapex|Toxapex, F|100/100\n|move|p2a: Tornadus|Toxic|p1a: Toxapex\n|-immune|p1a: Toxapex\n|\n|-damage|p2a: Tornadus|88/100 brn|[from] brn\n|upkeep\n|turn|245\n|\n|t:|1791067962\n|move|p2a: Tornadus|U-turn|p1a: Toxapex\n|-resisted|p1a: Toxapex\n|-damage|p1a: Toxapex|99/100\n|\n|t:|1791067962\n|switch|p2a: Rillaboom|Rillaboom, M|100/100|[from] U-turn\n|-fieldstart|move: Grassy Terrain|[from] ability: Grassy Surge|[of] p2a: Rillaboom\n|move|p1a: Toxapex|Knock Off|p2a: Rillaboom\n|-damage|p2a: Rillaboom|91/100\n|\n|-heal|p2a: Rillaboom|97/100|[from] Grassy Terrain\n|-heal|p1a: Toxapex|100/100|[from] Grassy Terrain\n|upkeep\n|turn|246\n|\n|t:|1791067962\n|switch|p1a: Corviknight|Corviknight, F|80/100\n|-ability|p1a: Corviknight|Pressure\n|move|p2a: Rillaboom|Swords Dance|p2a: Rillaboom\n|-boost|p2a: Rillaboom|atk|2\n|\n|-heal|p2a: Rillaboom|100/100|[from] Grassy Terrain\n|upkeep\n|turn|247\n|\n|t:|1791067962\n|move|p2a: Rillaboom|Knock Off|p1a: Corviknight\n|-damage|p1a: Corviknight|48/100\n|move|p1a: Corviknight|Iron Defense|p1a: Corviknight\n|-boost|p1a: Corviknight|def|2\n|\n|upkeep\n|turn|248\n|\n|t:|1791067962\n|switch|p2a: Garchomp|Garchomp, F|63/100\n|move|p1a: Corviknight|Roost|p1a: Corviknight\n|-heal|p1a: Corviknight|98/100\n|-singleturn|p1a: Corviknight|move: Roost\n|\n|-heal|p2a: Garchomp|69/100|[from] Grassy Terrain\n|-heal|p2a: Garchomp|75/100|[from] item: Leftovers\n|-heal|p1a: Corviknight|100/100|[from] Grassy Terrain\n|upkeep\n|turn|249\n|\n|t:|1791067962\n|move|p2a: Garchomp|Stealth Rock|p1a: Corviknight\n|-sidestart|p1: memphisdepayy|move: Stealth Rock\n|move|p1a: Corviknight|Body Press|p2a: Garchomp\n|-damage|p2a: Garchomp|33/100\n|-damage|p1a: Corviknight|88/100|[from] ability: Rough Skin|[of] p2a: Garchomp\n|\n|-heal|p2a: Garchomp|39/100|[from] Grassy Terrain\n|-heal|p2a: Garchomp|46/100|[from] item: Leftovers\n|-fieldend|move: Grassy Terrain\n|upkeep\n|turn|250\n|\n|t:|1791067962\n|move|p2a: Garchomp|Protect|p2a: Garchomp\n|-singleturn|p2a: Garchomp|Protect\n|move|p1a: Corviknight|Defog|p2a: Garchomp\n|-activate|p2a: Garchomp|move: Protect\n|\n|-heal|p2a: Garchomp|52/100|[from] item: Leftovers\n|upkeep\n|turn|251\n|\n|t:|1791067962\n|move|p2a: Garchomp|Earthquake|p1a: Corviknight\n|-immune|p1a: Corviknight\n|move|p1a: Corviknight|Defog|p2a: Garchomp\n|-unboost|p2a: Garchomp|evasion|1\n|-sideend|p1: memphisdepayy|Stealth Rock|[from] move: Defog|[of] p1a: Corviknight\n|\n|-heal|p2a: Garchomp|58/100|[from] item: Leftovers\n|upkeep\n|turn|252\n|\n|t:|1791067962\n|move|p2a: Garchomp|Protect|p2a: Garchomp\n|-singleturn|p2a: Garchomp|Protect\n|move|p1a: Corviknight|Iron Defense|p1a: Corviknight\n|-boost|p1a: Corviknight|def|2\n|\n|-heal|p2a: Garchomp|64/100|[from] item: Leftovers\n|upkeep\n|turn|253\n|\n|t:|1791067962\n|switch|p2a: Toxapex|Toxapex, F|100/100\n|switch|p1a: Clefable|Clefable, F|98/100\n|\n|-heal|p1a: Clefable|100/100|[from] item: Leftovers\n|upkeep\n|turn|254\n|\n|t:|1791067962\n|switch|p2a: Melmetal|Melmetal|100/100\n|move|p1a: Clefable|Calm Mind|p1a: Clefable\n|-boost|p1a: Clefable|spa|1\n|-boost|p1a: Clefable|spd|1\n|\n|upkeep\n|turn|255\n|\n|t:|1791067962\n|switch|p1a: Gastrodon|Gastrodon-East, F, shiny|100/100\n|switch|p2a: Tornadus|Tornadus-Therian, M|100/100 brn\n|\n|-damage|p2a: Tornadus|94/100 brn|[from] brn\n|upkeep\n|turn|256\n|\n|t:|1791067962\n|move|p1a: Gastrodon|Protect|p1a: Gastrodon\n|-singleturn|p1a: Gastrodon|Protect\n|move|p2a: Tornadus|U-turn|p1a: Gastrodon\n|-activate|p1a: Gastrodon|move: Protect\n|\n|-damage|p2a: Tornadus|88/100 brn|[from] brn\n|upkeep\n|turn|257\n|\n|t:|1791067962\n|switch|p1a: Toxapex|Toxapex, F|100/100\n|move|p2a: Tornadus|U-turn|p1a: Toxapex\n|-resisted|p1a: Toxapex\n|-damage|p1a: Toxapex|98/100\n|chat| sagazinha|dps eu q sou o vagabundo\n|\n|t:|1791067962\n|switch|p2a: Rillaboom|Rillaboom, M|100/100|[from] U-turn\n|-fieldstart|move: Grassy Terrain|[from] ability: Grassy Surge|[of] p2a: Rillaboom\n|\n|-heal|p1a: Toxapex|100/100|[from] Grassy Terrain\n|upkeep\n|turn|258\n|\n|t:|1791067962\n|switch|p2a: Heatran|Heatran, M|31/100\n|switch|p1a: Corviknight|Corviknight, F|88/100\n|-ability|p1a: Corviknight|Pressure\n|\n|-heal|p2a: Heatran|37/100|[from] Grassy Terrain\n|upkeep\n|turn|259\n|\n|t:|1791067962\n|switch|p2a: Garchomp|Garchomp, F|64/100\n|switch|p1a: Gastrodon|Gastrodon-East, F, shiny|100/100\n|\n|-heal|p2a: Garchomp|71/100|[from] Grassy Terrain\n|-heal|p2a: Garchomp|77/100|[from] item: Leftovers\n|upkeep\n|turn|260\n|\n|t:|1791067962\n|switch|p1a: Corviknight|Corviknight, F|88/100\n|-ability|p1a: Corviknight|Pressure\n|move|p2a: Garchomp|Stealth Rock|p1a: Corviknight\n|-sidestart|p1: memphisdepayy|move: Stealth Rock\n|\n|-heal|p2a: Garchomp|83/100|[from] Grassy Terrain\n|-heal|p2a: Garchomp|89/100|[from] item: Leftovers\n|upkeep\n|turn|261\n|\n|t:|1791067962\n|switch|p2a: Tornadus|Tornadus-Therian, M|100/100 brn\n|move|p1a: Corviknight|Defog|p2a: Tornadus\n|-unboost|p2a: Tornadus|evasion|1\n|-sideend|p1: memphisdepayy|Stealth Rock|[from] move: Defog|[of] p1a: Corviknight\n|-fieldend|move: Grassy Terrain\n|\n|-damage|p2a: Tornadus|94/100 brn|[from] brn\n|upkeep\n|turn|262\n|\n|t:|1791067962\n|switch|p1a: Clefable|Clefable, F|100/100\n|move|p2a: Tornadus|U-turn|p1a: Clefable\n|-resisted|p1a: Clefable\n|-damage|p1a: Clefable|98/100\n|\n|t:|1791067962\n|switch|p2a: Melmetal|Melmetal|100/100|[from] U-turn\n|\n|-heal|p1a: Clefable|100/100|[from] item: Leftovers\n|upkeep\n|turn|263\n|\n|t:|1791067962\n|switch|p1a: Gastrodon|Gastrodon-East, F, shiny|100/100\n|switch|p2a: Rillaboom|Rillaboom, M|100/100\n|-fieldstart|move: Grassy Terrain|[from] ability: Grassy Surge|[of] p2a: Rillaboom\n|\n|upkeep\n|turn|264\n|\n|t:|1791067962\n|switch|p1a: Corviknight|Corviknight, F|88/100\n|-ability|p1a: Corviknight|Pressure\n|move|p2a: Rillaboom|Grassy Glide|p1a: Corviknight\n|-resisted|p1a: Corviknight\n|-damage|p1a: Corviknight|80/100\n|\n|upkeep\n|turn|265\n|\n|t:|1791067962\n|switch|p1a: Clefable|Clefable, F|100/100\n|move|p2a: Rillaboom|Swords Dance|p2a: Rillaboom\n|-boost|p2a: Rillaboom|atk|2\n|\n|upkeep\n|turn|266\n|\n|t:|1791067962\n|move|p2a: Rillaboom|Knock Off|p1a: Clefable\n|-resisted|p1a: Clefable\n|-damage|p1a: Clefable|87/100\n|-enditem|p1a: Clefable|Leftovers|[from] move: Knock Off|[of] p2a: Rillaboom\n|move|p1a: Clefable|Calm Mind|p1a: Clefable\n|-boost|p1a: Clefable|spa|1\n|-boost|p1a: Clefable|spd|1\n|\n|-heal|p1a: Clefable|93/100|[from] Grassy Terrain\n|upkeep\n|turn|267\n|\n|t:|1791067962\n|switch|p2a: Melmetal|Melmetal|100/100\n|move|p1a: Clefable|Moonblast|p2a: Melmetal\n|-resisted|p2a: Melmetal\n|-damage|p2a: Melmetal|81/100\n|-unboost|p2a: Melmetal|spa|1\n|\n|-heal|p1a: Clefable|99/100|[from] Grassy Terrain\n|-heal|p2a: Melmetal|87/100|[from] Grassy Terrain\n|-heal|p2a: Melmetal|93/100|[from] item: Leftovers\n|-fieldend|move: Grassy Terrain\n|upkeep\n|turn|268\n|\n|t:|1791067962\n|switch|p1a: Gastrodon|Gastrodon-East, F, shiny|100/100\n|move|p2a: Melmetal|Double Iron Bash|p1a: Gastrodon\n|-resisted|p1a: Gastrodon\n|-damage|p1a: Gastrodon|76/100\n|-resisted|p1a: Gastrodon\n|-damage|p1a: Gastrodon|52/100\n|-hitcount|p1a: Gastrodon|2\n|\n|-heal|p2a: Melmetal|99/100|[from] item: Leftovers\n|-heal|p1a: Gastrodon|58/100|[from] item: Leftovers\n|upkeep\n|turn|269\n|\n|t:|1791067962\n|switch|p2a: Garchomp|Garchomp, F|89/100\n|move|p1a: Gastrodon|Recover|p1a: Gastrodon\n|-heal|p1a: Gastrodon|100/100\n|\n|-heal|p2a: Garchomp|95/100|[from] item: Leftovers\n|upkeep\n|turn|270\n|\n|t:|1791067962\n|switch|p1a: Corviknight|Corviknight, F|80/100\n|-ability|p1a: Corviknight|Pressure\n|move|p2a: Garchomp|Stealth Rock|p1a: Corviknight\n|-sidestart|p1: memphisdepayy|move: Stealth Rock\n|\n|-heal|p2a: Garchomp|100/100|[from] item: Leftovers\n|upkeep\n|turn|271\n|\n|t:|1791067962\n|move|p2a: Garchomp|Protect|p2a: Garchomp\n|-singleturn|p2a: Garchomp|Protect\n|move|p1a: Corviknight|Iron Defense|p1a: Corviknight\n|-boost|p1a: Corviknight|def|2\n|\n|upkeep\n|turn|272\n|\n|t:|1791067962\n|switch|p2a: Rillaboom|Rillaboom, M|100/100\n|-fieldstart|move: Grassy Terrain|[from] ability: Grassy Surge|[of] p2a: Rillaboom\n|move|p1a: Corviknight|Defog|p2a: Rillaboom\n|-unboost|p2a: Rillaboom|evasion|1\n|-sideend|p1: memphisdepayy|Stealth Rock|[from] move: Defog|[of] p1a: Corviknight\n|-fieldend|move: Grassy Terrain\n|\n|upkeep\n|turn|273\n|\n|t:|1791067962\n|switch|p1a: Clefable|Clefable, F|99/100\n|move|p2a: Rillaboom|Swords Dance|p2a: Rillaboom\n|-boost|p2a: Rillaboom|atk|2\n|\n|upkeep\n|turn|274\n|\n|t:|1791067962\n|switch|p2a: Melmetal|Melmetal|99/100\n|move|p1a: Clefable|Moonblast|p2a: Melmetal\n|-resisted|p2a: Melmetal\n|-damage|p2a: Melmetal|85/100\n|\n|-heal|p2a: Melmetal|91/100|[from] item: Leftovers\n|upkeep\n|turn|275\n|\n|t:|1791067962\n|switch|p1a: Gastrodon|Gastrodon-East, F, shiny|100/100\n|switch|p2a: Rillaboom|Rillaboom, M|100/100\n|-fieldstart|move: Grassy Terrain|[from] ability: Grassy Surge|[of] p2a: Rillaboom\n|\n|upkeep\n|turn|276\n|\n|t:|1791067962\n|switch|p1a: Clefable|Clefable, F|99/100\n|move|p2a: Rillaboom|Grassy Glide|p1a: Clefable\n|-damage|p1a: Clefable|62/100\n|\n|-heal|p1a: Clefable|68/100|[from] Grassy Terrain\n|upkeep\n|turn|277\n|\n|t:|1791067962\n|switch|p2a: Heatran|Heatran, M|37/100\n|move|p1a: Clefable|Soft-Boiled|p1a: Clefable\n|-heal|p1a: Clefable|100/100\n|\n|-heal|p2a: Heatran|43/100|[from] Grassy Terrain\n|upkeep\n|turn|278\n|\n|t:|1791067962\n|switch|p1a: Gastrodon|Gastrodon-East, F, shiny|100/100\n|move|p2a: Heatran|Taunt|p1a: Gastrodon\n|-start|p1a: Gastrodon|move: Taunt\n|\n|-heal|p2a: Heatran|49/100|[from] Grassy Terrain\n|upkeep\n|turn|279\n|\n|t:|1791067962\n|switch|p2a: Tornadus|Tornadus-Therian, M|100/100 brn\n|switch|p1a: Mew|Mew|69/100\n|\n|-heal|p1a: Mew|76/100|[from] Grassy Terrain\n|-damage|p2a: Tornadus|94/100 brn|[from] brn\n|-fieldend|move: Grassy Terrain\n|upkeep\n|turn|280\n|\n|t:|1791067962\n|switch|p2a: Garchomp|Garchomp, F|100/100\n|switch|p1a: Toxapex|Toxapex, F|100/100\n|\n|upkeep\n|turn|281\n|\n|t:|1791067962\n|switch|p2a: Rillaboom|Rillaboom, M|100/100\n|-fieldstart|move: Grassy Terrain|[from] ability: Grassy Surge|[of] p2a: Rillaboom\n|switch|p1a: Corviknight|Corviknight, F|80/100\n|-ability|p1a: Corviknight|Pressure\n|\n|upkeep\n|turn|282\n|\n|t:|1791067962\n|switch|p1a: Clefable|Clefable, F|100/100\n|move|p2a: Rillaboom|Grassy Glide|p1a: Clefable\n|-crit|p1a: Clefable\n|-damage|p1a: Clefable|43/100\n|\n|-heal|p1a: Clefable|49/100|[from] Grassy Terrain\n|upkeep\n|turn|283\n|\n|t:|1791067962\n|switch|p2a: Heatran|Heatran, M|49/100\n|move|p1a: Clefable|Soft-Boiled|p1a: Clefable\n|-heal|p1a: Clefable|99/100\n|\n|-heal|p2a: Heatran|55/100|[from] Grassy Terrain\n|-heal|p1a: Clefable|100/100|[from] Grassy Terrain\n|upkeep\n|turn|284\n|\n|t:|1791067962\n|switch|p2a: Rillaboom|Rillaboom, M|100/100\n|switch|p1a: Gastrodon|Gastrodon-East, F, shiny|100/100\n|\n|upkeep\n|turn|285\n|\n|t:|1791067962\n|move|p1a: Gastrodon|Protect|p1a: Gastrodon\n|-singleturn|p1a: Gastrodon|Protect\n|move|p2a: Rillaboom|Grassy Glide|p1a: Gastrodon\n|-activate|p1a: Gastrodon|move: Protect\n|\n|-fieldend|move: Grassy Terrain\n|upkeep\n|turn|286\n|\n|t:|1791067962\n|switch|p1a: Toxapex|Toxapex, F|100/100\n|move|p2a: Rillaboom|Grassy Glide|p1a: Toxapex\n|-damage|p1a: Toxapex|74/100\n|\n|upkeep\n|turn|287\n|\n|t:|1791067962\n|move|p2a: Rillaboom|Grassy Glide|p1a: Toxapex\n|-damage|p1a: Toxapex|50/100\n|move|p1a: Toxapex|Block|p2a: Rillaboom\n|-activate|p2a: Rillaboom|trapped\n|\n|upkeep\n|turn|288\n|\n|t:|1791067962\n|switch|p1a: Clefable|Clefable, F|100/100\n|move|p2a: Rillaboom|Grassy Glide|p1a: Clefable\n|-damage|p1a: Clefable|73/100\n|\n|upkeep\n|turn|289\n|\n|t:|1791067962\n|move|p2a: Rillaboom|Grassy Glide|p1a: Clefable\n|-damage|p1a: Clefable|45/100\n|move|p1a: Clefable|Soft-Boiled|p1a: Clefable\n|-heal|p1a: Clefable|95/100\n|\n|upkeep\n|turn|290\n|\n|t:|1791067962\n|switch|p2a: Tornadus|Tornadus-Therian, M|100/100 brn\n|move|p1a: Clefable|Moonblast|p2a: Tornadus\n|-damage|p2a: Tornadus|70/100 brn\n|\n|-damage|p2a: Tornadus|64/100 brn|[from] brn\n|upkeep\n|turn|291\n|\n|t:|1791067962\n|switch|p2a: Rillaboom|Rillaboom, M|100/100\n|-fieldstart|move: Grassy Terrain|[from] ability: Grassy Surge|[of] p2a: Rillaboom\n|switch|p1a: Toxapex|Toxapex, F|83/100\n|\n|-heal|p1a: Toxapex|89/100|[from] Grassy Terrain\n|upkeep\n|turn|292\n|\n|t:|1791067962\n|switch|p2a: Heatran|Heatran, M|55/100\n|switch|p1a: Corviknight|Corviknight, F|80/100\n|-ability|p1a: Corviknight|Pressure\n|\n|-heal|p2a: Heatran|61/100|[from] Grassy Terrain\n|upkeep\n|turn|293\n|\n|t:|1791067962\n|switch|p1a: Gastrodon|Gastrodon-East, F, shiny|100/100\n|move|p2a: Heatran|Magma Storm|p1a: Gastrodon\n|-resisted|p1a: Gastrodon\n|-damage|p1a: Gastrodon|83/100\n|-activate|p1a: Gastrodon|move: Magma Storm|[of] p2a: Heatran\n|\n|-heal|p2a: Heatran|68/100|[from] Grassy Terrain\n|-heal|p1a: Gastrodon|89/100|[from] Grassy Terrain\n|-heal|p1a: Gastrodon|95/100|[from] item: Leftovers\n|-damage|p1a: Gastrodon|83/100|[from] move: Magma Storm|[partiallytrapped]\n|upkeep\n|turn|294\n|\n|t:|1791067962\n|switch|p2a: Tornadus|Tornadus-Therian, M|97/100 brn\n|move|p1a: Gastrodon|Clear Smog|p2a: Tornadus\n|-damage|p2a: Tornadus|87/100 brn\n|-clearboost|p2a: Tornadus\n|\n|-heal|p1a: Gastrodon|89/100|[from] Grassy Terrain\n|-heal|p1a: Gastrodon|95/100|[from] item: Leftovers\n|-damage|p2a: Tornadus|81/100 brn|[from] brn\n|-end|p1a: Gastrodon|Magma Storm|[partiallytrapped]|[silent]\n|upkeep\n|turn|295\n|\n|t:|1791067962\n|switch|p2a: Garchomp|Garchomp, F|100/100\n|switch|p1a: Toxapex|Toxapex, F|100/100\n|\n|-fieldend|move: Grassy Terrain\n|upkeep\n|turn|296\n|\n|t:|1791067962\n|switch|p1a: Corviknight|Corviknight, F|80/100\n|-ability|p1a: Corviknight|Pressure\n|move|p2a: Garchomp|Stealth Rock|p1a: Corviknight\n|-sidestart|p1: memphisdepayy|move: Stealth Rock\n|\n|upkeep\n|turn|297\n|\n|t:|1791067962\n|move|p2a: Garchomp|Protect|p2a: Garchomp\n|-singleturn|p2a: Garchomp|Protect\n|move|p1a: Corviknight|Defog|p2a: Garchomp\n|-activate|p2a: Garchomp|move: Protect\n|\n|upkeep\n|turn|298\n|\n|t:|1791067962\n|switch|p2a: Rillaboom|Rillaboom, M|100/100\n|-fieldstart|move: Grassy Terrain|[from] ability: Grassy Surge|[of] p2a: Rillaboom\n|move|p1a: Corviknight|Defog|p2a: Rillaboom\n|-unboost|p2a: Rillaboom|evasion|1\n|-sideend|p1: memphisdepayy|Stealth Rock|[from] move: Defog|[of] p1a: Corviknight\n|-fieldend|move: Grassy Terrain\n|\n|upkeep\n|turn|299\n|\n|t:|1791067962\n|switch|p2a: Melmetal|Melmetal|91/100\n|switch|p1a: Toxapex|Toxapex, F|100/100\n|\n|-heal|p2a: Melmetal|97/100|[from] item: Leftovers\n|upkeep\n|turn|300\n|\n|t:|1791067962\n|switch|p2a: Rillaboom|Rillaboom, M|100/100\n|-fieldstart|move: Grassy Terrain|[from] ability: Grassy Surge|[of] p2a: Rillaboom\n|move|p1a: Toxapex|Knock Off|p2a: Rillaboom\n|-damage|p2a: Rillaboom|91/100\n|\n|-heal|p2a: Rillaboom|97/100|[from] Grassy Terrain\n|upkeep\n|turn|301\n|\n|t:|1791067962\n|switch|p1a: Clefable|Clefable, F|95/100\n|move|p2a: Rillaboom|Grassy Glide|p1a: Clefable\n|-damage|p1a: Clefable|58/100\n|\n|-heal|p2a: Rillaboom|100/100|[from] Grassy Terrain\n|-heal|p1a: Clefable|64/100|[from] Grassy Terrain\n|upkeep\n|turn|302\n|\n|t:|1791067962\n|move|p2a: Rillaboom|Grassy Glide|p1a: Clefable\n|-damage|p1a: Clefable|28/100\n|move|p1a: Clefable|Soft-Boiled|p1a: Clefable\n|-heal|p1a: Clefable|78/100\n|\n|-heal|p1a: Clefable|84/100|[from] Grassy Terrain\n|upkeep\n|turn|303\n|\n|t:|1791067962\n|switch|p1a: Corviknight|Corviknight, F|80/100\n|-ability|p1a: Corviknight|Pressure\n|move|p2a: Rillaboom|Grassy Glide|p1a: Corviknight\n|-resisted|p1a: Corviknight\n|-damage|p1a: Corviknight|72/100\n|\n|upkeep\n|turn|304\n|\n|t:|1791067962\n|switch|p1a: Clefable|Clefable, F|84/100\n|move|p2a: Rillaboom|Swords Dance|p2a: Rillaboom\n|-boost|p2a: Rillaboom|atk|2\n|\n|-heal|p1a: Clefable|90/100|[from] Grassy Terrain\n|-fieldend|move: Grassy Terrain\n|upkeep\n|turn|305\n|\n|t:|1791067962\n|move|p2a: Rillaboom|Grassy Glide|p1a: Clefable\n|-crit|p1a: Clefable\n|-damage|p1a: Clefable|46/100\n|move|p1a: Clefable|Moonblast|p2a: Rillaboom\n|-damage|p2a: Rillaboom|61/100\n|-unboost|p2a: Rillaboom|spa|1\n|\n|upkeep\n|turn|306\n|\n|t:|1791067962\n|move|p2a: Rillaboom|Grassy Glide|p1a: Clefable\n|-damage|p1a: Clefable|18/100\n|move|p1a: Clefable|Soft-Boiled|p1a: Clefable\n|-heal|p1a: Clefable|68/100\n|\n|upkeep\n|turn|307\n|\n|t:|1791067962\n|move|p2a: Rillaboom|Grassy Glide|p1a: Clefable\n|-damage|p1a: Clefable|38/100\n|move|p1a: Clefable|Soft-Boiled|p1a: Clefable\n|-heal|p1a: Clefable|88/100\n|\n|upkeep\n|turn|308\n|\n|t:|1791067962\n|switch|p2a: Heatran|Heatran, M|68/100\n|move|p1a: Clefable|Moonblast|p2a: Heatran\n|-resisted|p2a: Heatran\n|-damage|p2a: Heatran|59/100\n|\n|upkeep\n|turn|309\n|\n|t:|1791067962\n|switch|p2a: Rillaboom|Rillaboom, M|61/100\n|-fieldstart|move: Grassy Terrain|[from] ability: Grassy Surge|[of] p2a: Rillaboom\n|switch|p1a: Gastrodon|Gastrodon-East, F, shiny|95/100\n|\n|-heal|p2a: Rillaboom|68/100|[from] Grassy Terrain\n|-heal|p1a: Gastrodon|100/100|[from] Grassy Terrain\n|upkeep\n|turn|310\n|\n|t:|1791067962\n|switch|p1a: Clefable|Clefable, F|88/100\n|move|p2a: Rillaboom|Swords Dance|p2a: Rillaboom\n|-boost|p2a: Rillaboom|atk|2\n|\n|-heal|p2a: Rillaboom|74/100|[from] Grassy Terrain\n|-heal|p1a: Clefable|94/100|[from] Grassy Terrain\n|upkeep\n|turn|311\n|\n|t:|1791067962\n|switch|p2a: Heatran|Heatran, M|59/100\n|move|p1a: Clefable|Moonblast|p2a: Heatran\n|-resisted|p2a: Heatran\n|-crit|p2a: Heatran\n|-damage|p2a: Heatran|48/100\n|\n|-heal|p2a: Heatran|54/100|[from] Grassy Terrain\n|-heal|p1a: Clefable|99/100|[from] Grassy Terrain\n|upkeep\n|turn|312\n|\n|t:|1791067962\n|switch|p2a: Rillaboom|Rillaboom, M|74/100\n|switch|p1a: Gastrodon|Gastrodon-East, F, shiny|100/100\n|\n|-heal|p2a: Rillaboom|80/100|[from] Grassy Terrain\n|upkeep\n|turn|313\n|\n|t:|1791067962\n|switch|p1a: Corviknight|Corviknight, F|72/100\n|-ability|p1a: Corviknight|Pressure\n|move|p2a: Rillaboom|Swords Dance|p2a: Rillaboom\n|-boost|p2a: Rillaboom|atk|2\n|\n|-heal|p2a: Rillaboom|86/100|[from] Grassy Terrain\n|-fieldend|move: Grassy Terrain\n|upkeep\n|turn|314\n|\n|t:|1791067962\n|switch|p1a: Toxapex|Toxapex, F|100/100\n|move|p2a: Rillaboom|Grassy Glide|p1a: Toxapex\n|-damage|p1a: Toxapex|48/100\n|\n|upkeep\n|turn|315\n|\n|t:|1791067962\n|switch|p1a: Clefable|Clefable, F|99/100\n|move|p2a: Rillaboom|Knock Off|p1a: Clefable\n|-resisted|p1a: Clefable\n|-damage|p1a: Clefable|90/100\n|\n|upkeep\n|turn|316\n|\n|t:|1791067962\n|move|p2a: Rillaboom|Grassy Glide|p1a: Clefable\n|-damage|p1a: Clefable|60/100\n|move|p1a: Clefable|Moonblast|p2a: Rillaboom\n|-damage|p2a: Rillaboom|50/100\n|-unboost|p2a: Rillaboom|spa|1\n|\n|upkeep\n|turn|317\n|\n|t:|1791067962\n|switch|p2a: Tornadus|Tornadus-Therian, M|100/100 brn\n|move|p1a: Clefable|Soft-Boiled|p1a: Clefable\n|-heal|p1a: Clefable|100/100\n|\n|-damage|p2a: Tornadus|94/100 brn|[from] brn\n|upkeep\n|turn|318\n|\n|t:|1791067962\n|switch|p1a: Toxapex|Toxapex, F|81/100\n|move|p2a: Tornadus|U-turn|p1a: Toxapex\n|-resisted|p1a: Toxapex\n|-damage|p1a: Toxapex|79/100\n|\n|t:|1791067962\n|switch|p2a: Rillaboom|Rillaboom, M|50/100|[from] U-turn\n|-fieldstart|move: Grassy Terrain|[from] ability: Grassy Surge|[of] p2a: Rillaboom\n|\n|-heal|p2a: Rillaboom|56/100|[from] Grassy Terrain\n|-heal|p1a: Toxapex|85/100|[from] Grassy Terrain\n|upkeep\n|turn|319\n|\n|t:|1791067962\n|switch|p1a: Clefable|Clefable, F|100/100\n|move|p2a: Rillaboom|Swords Dance|p2a: Rillaboom\n|-boost|p2a: Rillaboom|atk|2\n|\n|-heal|p2a: Rillaboom|63/100|[from] Grassy Terrain\n|upkeep\n|turn|320\n|\n|t:|1791067962\n|switch|p2a: Heatran|Heatran, M|54/100\n|move|p1a: Clefable|Moonblast|p2a: Heatran\n|-resisted|p2a: Heatran\n|-damage|p2a: Heatran|46/100\n|\n|-heal|p2a: Heatran|52/100|[from] Grassy Terrain\n|upkeep\n|turn|321\n|\n|t:|1791067962\n|switch|p2a: Rillaboom|Rillaboom, M|63/100\n|switch|p1a: Toxapex|Toxapex, F|100/100\n|\n|-heal|p2a: Rillaboom|69/100|[from] Grassy Terrain\n|upkeep\n|turn|322\n|\n|t:|1791067962\n|switch|p1a: Corviknight|Corviknight, F|72/100\n|-ability|p1a: Corviknight|Pressure\n|move|p2a: Rillaboom|Grassy Glide|p1a: Corviknight\n|-resisted|p1a: Corviknight\n|-damage|p1a: Corviknight|64/100\n|\n|-heal|p2a: Rillaboom|75/100|[from] Grassy Terrain\n|-fieldend|move: Grassy Terrain\n|upkeep\n|turn|323\n|\n|t:|1791067962\n|switch|p1a: Toxapex|Toxapex, F|100/100\n|move|p2a: Rillaboom|Grassy Glide|p1a: Toxapex\n|-damage|p1a: Toxapex|76/100\n|\n|upkeep\n|turn|324\n|chat|+Mattz_|KKKKKKKKKKKKKKKK\n|chat|\u2606Dugtrio Is Broken|Pqp\n|chat|\u2606memphisdepayy|vishh\n|chat|\u2606memphisdepayy|kkkkkkkkkkkkkkkkkkkkkkkkkkkkkkkkkkk\n|\n|t:|1791067962\n|switch|p1a: Corviknight|Corviknight, F|64/100\n|-ability|p1a: Corviknight|Pressure\n|move|p2a: Rillaboom|Swords Dance|p2a: Rillaboom\n|-boost|p2a: Rillaboom|atk|2\n|\n|upkeep\n|turn|325\n|\n|t:|1791067962\n|switch|p1a: Clefable|Clefable, F|100/100\n|move|p2a: Rillaboom|Grassy Glide|p1a: Clefable\n|-damage|p1a: Clefable|72/100\n|\n|upkeep\n|turn|326\n|\n|t:|1791067962\n|move|p2a: Rillaboom|Knock Off|p1a: Clefable\n|-resisted|p1a: Clefable\n|-damage|p1a: Clefable|63/100\n|move|p1a: Clefable|Soft-Boiled|p1a: Clefable\n|-heal|p1a: Clefable|100/100\n|\n|upkeep\n|turn|327\n|\n|t:|1791067962\n|switch|p2a: Tornadus|Tornadus-Therian, M|100/100 brn\n|move|p1a: Clefable|Calm Mind|p1a: Clefable\n|-boost|p1a: Clefable|spa|1\n|-boost|p1a: Clefable|spd|1\n|\n|-damage|p2a: Tornadus|94/100 brn|[from] brn\n|upkeep\n|turn|328\n|\n|t:|1791067962\n|switch|p1a: Corviknight|Corviknight, F|64/100\n|-ability|p1a: Corviknight|Pressure\n|move|p2a: Tornadus|U-turn|p1a: Corviknight\n|-resisted|p1a: Corviknight\n|-damage|p1a: Corviknight|63/100\n|\n|t:|1791067962\n|switch|p2a: Rillaboom|Rillaboom, M|75/100|[from] U-turn\n|-fieldstart|move: Grassy Terrain|[from] ability: Grassy Surge|[of] p2a: Rillaboom\n|\n|-heal|p2a: Rillaboom|81/100|[from] Grassy Terrain\n|upkeep\n|turn|329\n|\n|t:|1791067962\n|switch|p2a: Heatran|Heatran, M|52/100\n|switch|p1a: Toxapex|Toxapex, F|100/100\n|\n|-heal|p2a: Heatran|58/100|[from] Grassy Terrain\n|upkeep\n|turn|330\n|\n|t:|1791067962\n|switch|p2a: Rillaboom|Rillaboom, M|81/100\n|switch|p1a: Gastrodon|Gastrodon-East, F, shiny|100/100\n|\n|-heal|p2a: Rillaboom|88/100|[from] Grassy Terrain\n|upkeep\n|turn|331\n|\n|t:|1791067962\n|switch|p1a: Toxapex|Toxapex, F|100/100\n|move|p2a: Rillaboom|Swords Dance|p2a: Rillaboom\n|-boost|p2a: Rillaboom|atk|2\n|\n|-heal|p2a: Rillaboom|94/100|[from] Grassy Terrain\n|upkeep\n|turn|332\n|\n|t:|1791067962\n|move|p2a: Rillaboom|Knock Off|p1a: Toxapex\n|-damage|p1a: Toxapex|68/100\n|move|p1a: Toxapex|Recover|p1a: Toxapex\n|-heal|p1a: Toxapex|100/100\n|\n|-heal|p2a: Rillaboom|99/100|[from] Grassy Terrain\n|-fieldend|move: Grassy Terrain\n|upkeep\n|turn|333\n|\n|t:|1791067962\n|move|p2a: Rillaboom|Knock Off|p1a: Toxapex\n|-damage|p1a: Toxapex|68/100\n|move|p1a: Toxapex|Knock Off|p2a: Rillaboom\n|-damage|p2a: Rillaboom|90/100\n|\n|upkeep\n|turn|334\n|\n|t:|1791067962\n|switch|p1a: Clefable|Clefable, F|100/100\n|move|p2a: Rillaboom|Swords Dance|p2a: Rillaboom\n|-boost|p2a: Rillaboom|atk|2\n|\n|upkeep\n|turn|335\n|\n|t:|1791067962\n|move|p2a: Rillaboom|Grassy Glide|p1a: Clefable\n|-damage|p1a: Clefable|72/100\n|move|p1a: Clefable|Moonblast|p2a: Rillaboom\n|-damage|p2a: Rillaboom|56/100\n|\n|upkeep\n|turn|336\n|\n|t:|1791067962\n|move|p2a: Rillaboom|Grassy Glide|p1a: Clefable\n|-damage|p1a: Clefable|44/100\n|move|p1a: Clefable|Soft-Boiled|p1a: Clefable\n|-heal|p1a: Clefable|94/100\n|\n|upkeep\n|turn|337\n|\n|t:|1791067962\n|move|p2a: Rillaboom|Grassy Glide|p1a: Clefable\n|-damage|p1a: Clefable|63/100\n|move|p1a: Clefable|Calm Mind|p1a: Clefable\n|-boost|p1a: Clefable|spa|1\n|-boost|p1a: Clefable|spd|1\n|\n|upkeep\n|turn|338\n|\n|t:|1791067962\n|move|p2a: Rillaboom|Grassy Glide|p1a: Clefable\n|-damage|p1a: Clefable|33/100\n|move|p1a: Clefable|Soft-Boiled|p1a: Clefable\n|-heal|p1a: Clefable|83/100\n|\n|upkeep\n|turn|339\n|\n|t:|1791067962\n|switch|p2a: Melmetal|Melmetal|97/100\n|move|p1a: Clefable|Moonblast|p2a: Melmetal\n|-resisted|p2a: Melmetal\n|-damage|p2a: Melmetal|74/100\n|\n|-heal|p2a: Melmetal|80/100|[from] item: Leftovers\n|upkeep\n|turn|340\n|\n|t:|1791067962\n|switch|p1a: Gastrodon|Gastrodon-East, F, shiny|100/100\n|switch|p2a: Garchomp|Garchomp, F|100/100\n|\n|upkeep\n|turn|341\n|\n|t:|1791067962\n|switch|p2a: Rillaboom|Rillaboom, M|56/100\n|-fieldstart|move: Grassy Terrain|[from] ability: Grassy Surge|[of] p2a: Rillaboom\n|switch|p1a: Corviknight|Corviknight, F|63/100\n|-ability|p1a: Corviknight|Pressure\n|\n|-heal|p2a: Rillaboom|63/100|[from] Grassy Terrain\n|upkeep\n|turn|342\n|\n|t:|1791067962\n|switch|p1a: Toxapex|Toxapex, F|100/100\n|move|p2a: Rillaboom|Swords Dance|p2a: Rillaboom\n|-boost|p2a: Rillaboom|atk|2\n|\n|-heal|p2a: Rillaboom|69/100|[from] Grassy Terrain\n|upkeep\n|turn|343\n|\n|t:|1791067962\n|move|p2a: Rillaboom|Swords Dance|p2a: Rillaboom\n|-boost|p2a: Rillaboom|atk|2\n|move|p1a: Toxapex|Block|p2a: Rillaboom\n|-activate|p2a: Rillaboom|trapped\n|\n|-heal|p2a: Rillaboom|75/100|[from] Grassy Terrain\n|upkeep\n|turn|344\n|\n|t:|1791067962\n|move|p2a: Rillaboom|Grassy Glide|p1a: Toxapex\n|-damage|p1a: Toxapex|11/100\n|move|p1a: Toxapex|Recover|p1a: Toxapex\n|-heal|p1a: Toxapex|61/100\n|\n|-heal|p2a: Rillaboom|81/100|[from] Grassy Terrain\n|-heal|p1a: Toxapex|67/100|[from] Grassy Terrain\n|upkeep\n|turn|345\n|\n|t:|1791067962\n|switch|p1a: Clefable|Clefable, F|83/100\n|move|p2a: Rillaboom|Grassy Glide|p1a: Clefable\n|-damage|p1a: Clefable|46/100\n|\n|-heal|p2a: Rillaboom|88/100|[from] Grassy Terrain\n|-heal|p1a: Clefable|53/100|[from] Grassy Terrain\n|-fieldend|move: Grassy Terrain\n|upkeep\n|turn|346\n|\n|t:|1791067962\n|move|p2a: Rillaboom|Grassy Glide|p1a: Clefable\n|-damage|p1a: Clefable|23/100\n|move|p1a: Clefable|Soft-Boiled|p1a: Clefable\n|-heal|p1a: Clefable|73/100\n|\n|upkeep\n|turn|347\n|\n|t:|1791067962\n|switch|p2a: Tornadus|Tornadus-Therian, M|100/100 brn\n|move|p1a: Clefable|Soft-Boiled|p1a: Clefable\n|-heal|p1a: Clefable|100/100\n|\n|-damage|p2a: Tornadus|94/100 brn|[from] brn\n|upkeep\n|turn|348\n|\n|t:|1791067962\n|switch|p1a: Toxapex|Toxapex, F|100/100\n|move|p2a: Tornadus|Toxic|p1a: Toxapex\n|-immune|p1a: Toxapex\n|\n|-damage|p2a: Tornadus|88/100 brn|[from] brn\n|upkeep\n|turn|349\n|\n|t:|1791067962\n|move|p2a: Tornadus|U-turn|p1a: Toxapex\n|-resisted|p1a: Toxapex\n|-damage|p1a: Toxapex|98/100\n|\n|t:|1791067962\n|switch|p2a: Toxapex|Toxapex, F|100/100|[from] U-turn\n|move|p1a: Toxapex|Knock Off|p2a: Toxapex\n|-damage|p2a: Toxapex|94/100\n|\n|upkeep\n|turn|350\n|\n|t:|1791067962\n|switch|p1a: Mew|Mew|76/100\n|switch|p2a: Tornadus|Tornadus-Therian, M|100/100 brn\n|\n|-damage|p2a: Tornadus|94/100 brn|[from] brn\n|upkeep\n|turn|351\n|\n|t:|1791067962\n|switch|p1a: Toxapex|Toxapex, F|100/100\n|move|p2a: Tornadus|Toxic|p1a: Toxapex\n|-immune|p1a: Toxapex\n|\n|-damage|p2a: Tornadus|88/100 brn|[from] brn\n|upkeep\n|turn|352\n|\n|t:|1791067962\n|switch|p2a: Toxapex|Toxapex, F|100/100\n|move|p1a: Toxapex|Knock Off|p2a: Toxapex\n|-damage|p2a: Toxapex|94/100\n|\n|upkeep\n|turn|353\n|chat|\u2606Dugtrio Is Broken|Quer tie nessa prr\n|chat|\u2606Dugtrio Is Broken|Kkkkkkkkkkkkkkkkkkkkkkkkkkk\n|\n|t:|1791067962\n|switch|p1a: Mew|Mew|76/100\n|switch|p2a: Tornadus|Tornadus-Therian, M|100/100 brn\n|\n|-damage|p2a: Tornadus|94/100 brn|[from] brn\n|upkeep\n|turn|354\n|chat|\u2606memphisdepayy|mano\n|chat|\u2606memphisdepayy|to aq pensando\n|chat|\u2606memphisdepayy|como meu mew vai ganhar\n|chat|\u2606Dugtrio Is Broken|Vale a pena?\n|chat|+Mattz_|Isso d\u00e1 empate sempre\n|chat|\u2606Dugtrio Is Broken|Ficar +700 turnos\n|chat|\u2606memphisdepayy|n po tipo\n|chat|+Mattz_|Querem fazer o teste de o que acontece se der tie em final de roomtour?\n|chat|\u2606memphisdepayy|eu preciso pegar o synch no toxic\n|chat|\u2606memphisdepayy|e depois ganhar\n|chat|\u2606memphisdepayy|s\u00f3 q vai demorar\n|chat|\u2606memphisdepayy|1 pouco\n|\n|t:|1791067962\n|switch|p2a: Toxapex|Toxapex, F|100/100\n|switch|p1a: Toxapex|Toxapex, F|100/100\n|\n|upkeep\n|turn|355\n|chat|\u2606Dugtrio Is Broken|Eu n tinha pensado nisso, mas agr q vc falou eu nunca clico toxic chomp\n|\n|t:|1791067962\n|switch|p2a: Tornadus|Tornadus-Therian, M|100/100 brn\n|switch|p1a: Mew|Mew|76/100\n|\n|-damage|p2a: Tornadus|94/100 brn|[from] brn\n|upkeep\n|turn|356\n|\n|t:|1791067962\n|switch|p2a: Toxapex|Toxapex, F|100/100\n|switch|p1a: Corviknight|Corviknight, F|63/100\n|-ability|p1a: Corviknight|Pressure\n|\n|upkeep\n|turn|357\n|\n|t:|1791067962\n|switch|p1a: Mew|Mew|76/100\n|switch|p2a: Tornadus|Tornadus-Therian, M|100/100 brn\n|\n|-damage|p2a: Tornadus|94/100 brn|[from] brn\n|upkeep\n|turn|358\n|\n|t:|1791067962\n|switch|p2a: Toxapex|Toxapex, F|100/100\n|switch|p1a: Toxapex|Toxapex, F|100/100\n|\n|upkeep\n|turn|359\n|chat|+Mattz_|D\u00e1 tie a\u00ed s\u00f3 pra gente ver um neg\u00f3cio bacana kkkk\n|\n|t:|1791067962\n|switch|p2a: Tornadus|Tornadus-Therian, M|100/100 brn\n|switch|p1a: Mew|Mew|76/100\n|\n|-damage|p2a: Tornadus|94/100 brn|[from] brn\n|upkeep\n|turn|360\n|\n|t:|1791067962\n|switch|p2a: Toxapex|Toxapex, F|100/100\n|move|p1a: Mew|Cosmic Power|p1a: Mew\n|-boost|p1a: Mew|def|1\n|-boost|p1a: Mew|spd|1\n|\n|upkeep\n|turn|361\n|\n|t:|1791067962\n|switch|p2a: Tornadus|Tornadus-Therian, M|100/100 brn\n|move|p1a: Mew|Cosmic Power|p1a: Mew\n|-boost|p1a: Mew|def|1\n|-boost|p1a: Mew|spd|1\n|\n|-damage|p2a: Tornadus|94/100 brn|[from] brn\n|upkeep\n|turn|362\n|\n|t:|1791067962\n|switch|p1a: Corviknight|Corviknight, F|63/100\n|-ability|p1a: Corviknight|Pressure\n|move|p2a: Tornadus|Toxic|p1a: Corviknight\n|-immune|p1a: Corviknight\n|\n|-damage|p2a: Tornadus|88/100 brn|[from] brn\n|upkeep\n|turn|363\n|\n|t:|1791067962\n|switch|p1a: Toxapex|Toxapex, F|100/100\n|move|p2a: Tornadus|Heat Wave|p1a: Toxapex\n|-resisted|p1a: Toxapex\n|-damage|p1a: Toxapex|91/100\n|\n|-damage|p2a: Tornadus|82/100 brn|[from] brn\n|upkeep\n|turn|364\n|\n|t:|1791067962\n|switch|p2a: Toxapex|Toxapex, F|100/100\n|switch|p1a: Clefable|Clefable, F|100/100\n|\n|upkeep\n|turn|365\n|\n|t:|1791067962\n|switch|p1a: Mew|Mew|76/100\n|switch|p2a: Tornadus|Tornadus-Therian, M|100/100 brn\n|\n|-damage|p2a: Tornadus|94/100 brn|[from] brn\n|upkeep\n|turn|366\n|chat|+Drampa Raivoso|admiro o esfor\u00e7o mutuo\n|\n|t:|1791067962\n|switch|p2a: Toxapex|Toxapex, F|100/100\n|switch|p1a: Toxapex|Toxapex, F|100/100\n|\n|upkeep\n|turn|367\n|\n|t:|1791067962\n|switch|p2a: Tornadus|Tornadus-Therian, M|100/100 brn\n|switch|p1a: Mew|Mew|76/100\n|\n|-damage|p2a: Tornadus|94/100 brn|[from] brn\n|upkeep\n|turn|368\n|\n|t:|1791067962\n|switch|p2a: Toxapex|Toxapex, F|100/100\n|move|p1a: Mew|Cosmic Power|p1a: Mew\n|-boost|p1a: Mew|def|1\n|-boost|p1a: Mew|spd|1\n|\n|upkeep\n|turn|369\n|\n|t:|1791067962\n|switch|p2a: Tornadus|Tornadus-Therian, M|100/100 brn\n|move|p1a: Mew|Cosmic Power|p1a: Mew\n|-boost|p1a: Mew|def|1\n|-boost|p1a: Mew|spd|1\n|\n|-damage|p2a: Tornadus|94/100 brn|[from] brn\n|upkeep\n|turn|370\n|\n|t:|1791067962\n|switch|p2a: Toxapex|Toxapex, F|100/100\n|move|p1a: Mew|Cosmic Power|p1a: Mew\n|-boost|p1a: Mew|def|1\n|-boost|p1a: Mew|spd|1\n|\n|upkeep\n|turn|371\n|\n|t:|1791067962\n|move|p1a: Mew|Stored Power|p2a: Toxapex\n|-supereffective|p2a: Toxapex\n|-damage|p2a: Toxapex|27/100\n|move|p2a: Toxapex|Haze|p2a: Toxapex\n|-clearallboost\n|\n|upkeep\n|turn|372\n|\n|t:|1791067962\n|switch|p2a: Tornadus|Tornadus-Therian, M|100/100 brn\n|move|p1a: Mew|Cosmic Power|p1a: Mew\n|-boost|p1a: Mew|def|1\n|-boost|p1a: Mew|spd|1\n|\n|-damage|p2a: Tornadus|94/100 brn|[from] brn\n|upkeep\n|turn|373\n|\n|t:|1791067962\n|move|p2a: Tornadus|Toxic||[still]\n|-status|p1a: Mew|tox\n|-activate|p1a: Mew|ability: Synchronize\n|-fail|p1a: Mew\n|move|p1a: Mew|Cosmic Power|p1a: Mew\n|-boost|p1a: Mew|def|1\n|-boost|p1a: Mew|spd|1\n|\n|-damage|p1a: Mew|69/100 tox|[from] psn\n|-damage|p2a: Tornadus|88/100 brn|[from] brn\n|upkeep\n|turn|374\n|\n|t:|1791067962\n|switch|p2a: Garchomp|Garchomp, F|100/100\n|switch|p1a: Clefable|Clefable, F|100/100\n|\n|upkeep\n|turn|375\n|chat|\u2606memphisdepayy|noo\n|\n|t:|1791067962\n|switch|p1a: Corviknight|Corviknight, F|63/100\n|-ability|p1a: Corviknight|Pressure\n|move|p2a: Garchomp|Stealth Rock|p1a: Corviknight\n|-sidestart|p1: memphisdepayy|move: Stealth Rock\n|\n|upkeep\n|turn|376\n|\n|t:|1791067962\n|switch|p2a: Melmetal|Melmetal|80/100\n|move|p1a: Corviknight|Defog|p2a: Melmetal\n|-unboost|p2a: Melmetal|evasion|1\n|-sideend|p1: memphisdepayy|Stealth Rock|[from] move: Defog|[of] p1a: Corviknight\n|\n|-heal|p2a: Melmetal|86/100|[from] item: Leftovers\n|upkeep\n|turn|377\n|\n|t:|1791067962\n|switch|p1a: Gastrodon|Gastrodon-East, F, shiny|100/100\n|move|p2a: Melmetal|Earthquake|p1a: Gastrodon\n|-damage|p1a: Gastrodon|54/100\n|\n|-heal|p2a: Melmetal|92/100|[from] item: Leftovers\n|-heal|p1a: Gastrodon|60/100|[from] item: Leftovers\n|upkeep\n|turn|378\n|\n|t:|1791067962\n|move|p1a: Gastrodon|Protect|p1a: Gastrodon\n|-singleturn|p1a: Gastrodon|Protect\n|move|p2a: Melmetal|Thunder Punch|p1a: Gastrodon\n|-activate|p1a: Gastrodon|move: Protect\n|\n|-heal|p2a: Melmetal|98/100|[from] item: Leftovers\n|-heal|p1a: Gastrodon|66/100|[from] item: Leftovers\n|upkeep\n|turn|379\n|\n|t:|1791067962\n|move|p2a: Melmetal|Double Iron Bash|p1a: Gastrodon\n|-resisted|p1a: Gastrodon\n|-damage|p1a: Gastrodon|42/100\n|-resisted|p1a: Gastrodon\n|-crit|p1a: Gastrodon\n|-damage|p1a: Gastrodon|6/100\n|-hitcount|p1a: Gastrodon|2\n|move|p1a: Gastrodon|Recover|p1a: Gastrodon\n|-heal|p1a: Gastrodon|56/100\n|\n|-heal|p2a: Melmetal|100/100|[from] item: Leftovers\n|-heal|p1a: Gastrodon|62/100|[from] item: Leftovers\n|upkeep\n|turn|380\n|\n|t:|1791067962\n|move|p2a: Melmetal|Substitute|p2a: Melmetal\n|-start|p2a: Melmetal|Substitute\n|-damage|p2a: Melmetal|76/100\n|move|p1a: Gastrodon|Recover|p1a: Gastrodon\n|-heal|p1a: Gastrodon|100/100\n|\n|-heal|p2a: Melmetal|82/100|[from] item: Leftovers\n|upkeep\n|turn|381\n|\n|t:|1791067962\n|move|p1a: Gastrodon|Protect|p1a: Gastrodon\n|-singleturn|p1a: Gastrodon|Protect\n|move|p2a: Melmetal|Substitute|p2a: Melmetal\n|-fail|p2a: Melmetal|move: Substitute\n|\n|-heal|p2a: Melmetal|88/100|[from] item: Leftovers\n|upkeep\n|turn|382\n|\n|t:|1791067962\n|switch|p1a: Toxapex|Toxapex, F|100/100\n|move|p2a: Melmetal|Double Iron Bash|p1a: Toxapex\n|-resisted|p1a: Toxapex\n|-crit|p1a: Toxapex\n|-damage|p1a: Toxapex|81/100\n|-resisted|p1a: Toxapex\n|-damage|p1a: Toxapex|68/100\n|-hitcount|p1a: Toxapex|2\n|\n|-heal|p2a: Melmetal|94/100|[from] item: Leftovers\n|upkeep\n|turn|383\n|\n|t:|1791067962\n|switch|p1a: Gastrodon|Gastrodon-East, F, shiny|100/100\n|move|p2a: Melmetal|Thunder Punch|p1a: Gastrodon\n|-immune|p1a: Gastrodon\n|\n|-heal|p2a: Melmetal|99/100|[from] item: Leftovers\n|upkeep\n|turn|384\n|\n|t:|1791067962\n|switch|p2a: Toxapex|Toxapex, F|61/100\n|switch|p1a: Toxapex|Toxapex, F|100/100\n|\n|upkeep\n|turn|385\n|\n|t:|1791067962\n|switch|p2a: Tornadus|Tornadus-Therian, M|100/100 brn\n|switch|p1a: Clefable|Clefable, F|100/100\n|\n|-damage|p2a: Tornadus|94/100 brn|[from] brn\n|upkeep\n|turn|386\n|\n|t:|1791067962\n|switch|p2a: Toxapex|Toxapex, F|94/100\n|move|p1a: Clefable|Aromatherapy|p1a: Clefable\n|-activate|p1a: Clefable|move: Aromatherapy\n|-curestatus|p1: Mew|tox|[msg]\n|\n|upkeep\n|turn|387\n|\n|t:|1791067962\n|switch|p1a: Mew|Mew|69/100\n|switch|p2a: Tornadus|Tornadus-Therian, M|100/100 brn\n|\n|-damage|p2a: Tornadus|94/100 brn|[from] brn\n|upkeep\n|turn|388\n|\n|t:|1791067962\n|switch|p1a: Clefable|Clefable, F|100/100\n|move|p2a: Tornadus|Toxic|p1a: Clefable\n|-status|p1a: Clefable|tox\n|\n|-damage|p1a: Clefable|94/100 tox|[from] psn\n|-damage|p2a: Tornadus|88/100 brn|[from] brn\n|upkeep\n|turn|389\n|\n|t:|1791067962\n|switch|p2a: Heatran|Heatran, M|58/100\n|switch|p1a: Toxapex|Toxapex, F|100/100\n|\n|upkeep\n|turn|390\n|\n|t:|1791067962\n|switch|p1a: Gastrodon|Gastrodon-East, F, shiny|100/100\n|move|p2a: Heatran|Magma Storm|p1a: Gastrodon|[miss]\n|-miss|p2a: Heatran|p1a: Gastrodon\n|\n|upkeep\n|turn|391\n|chat|\u2606memphisdepayy|mano pior q\n|chat|\u2606memphisdepayy|eu s\u00f3 perdi o dnite pq esqueci\n|chat|\u2606memphisdepayy|que bixo fly eh trapado tb\n|chat|\u2606memphisdepayy|na minha cabe\u00e7a n trapava\n|chat|\u2606memphisdepayy|kkkkkkkkkk\n|\n|t:|1791067962\n|switch|p2a: Tornadus|Tornadus-Therian, M|100/100 brn\n|move|p1a: Gastrodon|Scald|p2a: Tornadus\n|-damage|p2a: Tornadus|75/100 brn\n|\n|-damage|p2a: Tornadus|68/100 brn|[from] brn\n|upkeep\n|turn|392\n|\n|t:|1791067962\n|switch|p1a: Toxapex|Toxapex, F|100/100\n|move|p2a: Tornadus|U-turn|p1a: Toxapex\n|-resisted|p1a: Toxapex\n|-damage|p1a: Toxapex|98/100\n|\n|t:|1791067962\n|switch|p2a: Rillaboom|Rillaboom, M|88/100|[from] U-turn\n|-fieldstart|move: Grassy Terrain|[from] ability: Grassy Surge|[of] p2a: Rillaboom\n|\n|-heal|p2a: Rillaboom|94/100|[from] Grassy Terrain\n|-heal|p1a: Toxapex|100/100|[from] Grassy Terrain\n|upkeep\n|turn|393\n|\n|t:|1791067962\n|switch|p2a: Heatran|Heatran, M|58/100\n|switch|p1a: Mew|Mew|69/100\n|\n|-heal|p1a: Mew|76/100|[from] Grassy Terrain\n|-heal|p2a: Heatran|64/100|[from] Grassy Terrain\n|upkeep\n|turn|394\n|\n|t:|1791067962\n|move|p1a: Mew|Cosmic Power|p1a: Mew\n|-boost|p1a: Mew|def|1\n|-boost|p1a: Mew|spd|1\n|move|p2a: Heatran|Magma Storm|p1a: Mew|[miss]\n|-miss|p2a: Heatran|p1a: Mew\n|\n|-heal|p1a: Mew|82/100|[from] Grassy Terrain\n|-heal|p2a: Heatran|70/100|[from] Grassy Terrain\n|upkeep\n|turn|395\n|\n|t:|1791067962\n|switch|p2a: Tornadus|Tornadus-Therian, M|100/100 brn\n|move|p1a: Mew|Cosmic Power|p1a: Mew\n|-boost|p1a: Mew|def|1\n|-boost|p1a: Mew|spd|1\n|\n|-heal|p1a: Mew|88/100|[from] Grassy Terrain\n|-damage|p2a: Tornadus|94/100 brn|[from] brn\n|upkeep\n|turn|396\n|\n|t:|1791067962\n|move|p2a: Tornadus|Toxic||[still]\n|-status|p1a: Mew|tox\n|-activate|p1a: Mew|ability: Synchronize\n|-fail|p1a: Mew\n|move|p1a: Mew|Stored Power|p2a: Tornadus\n|-damage|p2a: Tornadus|58/100 brn\n|\n|-heal|p1a: Mew|94/100 tox|[from] Grassy Terrain\n|-damage|p1a: Mew|88/100 tox|[from] psn\n|-damage|p2a: Tornadus|52/100 brn|[from] brn\n|-fieldend|move: Grassy Terrain\n|upkeep\n|turn|397\n|\n|t:|1791067962\n|switch|p2a: Heatran|Heatran, M|70/100\n|switch|p1a: Clefable|Clefable, F|94/100 tox\n|\n|-damage|p1a: Clefable|88/100 tox|[from] psn\n|upkeep\n|turn|398\n|\n|t:|1791067962\n|switch|p1a: Gastrodon|Gastrodon-East, F, shiny|100/100\n|move|p2a: Heatran|Taunt|p1a: Gastrodon\n|-start|p1a: Gastrodon|move: Taunt\n|\n|upkeep\n|turn|399\n|\n|t:|1791067962\n|switch|p2a: Tornadus|Tornadus-Therian, M|85/100 brn\n|move|p1a: Gastrodon|Scald|p2a: Tornadus\n|-damage|p2a: Tornadus|58/100 brn\n|\n|-damage|p2a: Tornadus|52/100 brn|[from] brn\n|upkeep\n|turn|400\n|\n|t:|1791067962\n|switch|p1a: Clefable|Clefable, F|88/100 tox\n|move|p2a: Tornadus|U-turn|p1a: Clefable\n|-resisted|p1a: Clefable\n|-damage|p1a: Clefable|86/100 tox\n|\n|t:|1791067962\n|switch|p2a: Heatran|Heatran, M|70/100|[from] U-turn\n|\n|-damage|p1a: Clefable|79/100 tox|[from] psn\n|upkeep\n|turn|401\n|\n|t:|1791067962\n|switch|p2a: Tornadus|Tornadus-Therian, M|85/100 brn\n|switch|p1a: Gastrodon|Gastrodon-East, F, shiny|100/100\n|\n|-damage|p2a: Tornadus|79/100 brn|[from] brn\n|upkeep\n|turn|402\n|\n|t:|1791067962\n|switch|p1a: Toxapex|Toxapex, F|100/100\n|move|p2a: Tornadus|Toxic|p1a: Toxapex\n|-immune|p1a: Toxapex\n|\n|-damage|p2a: Tornadus|73/100 brn|[from] brn\n|upkeep\n|turn|403\n|\n|t:|1791067962\n|switch|p1a: Gastrodon|Gastrodon-East, F, shiny|100/100\n|move|p2a: Tornadus|U-turn|p1a: Gastrodon\n|-damage|p1a: Gastrodon|93/100\n|\n|t:|1791067962\n|switch|p2a: Garchomp|Garchomp, F|100/100|[from] U-turn\n|\n|-heal|p1a: Gastrodon|99/100|[from] item: Leftovers\n|upkeep\n|turn|404\n|\n|t:|1791067962\n|switch|p1a: Corviknight|Corviknight, F|63/100\n|-ability|p1a: Corviknight|Pressure\n|move|p2a: Garchomp|Earthquake|p1a: Corviknight\n|-immune|p1a: Corviknight\n|\n|upkeep\n|turn|405\n|\n|t:|1791067962\n|move|p2a: Garchomp|Toxic|p1a: Corviknight\n|-immune|p1a: Corviknight\n|move|p1a: Corviknight|Iron Defense|p1a: Corviknight\n|-boost|p1a: Corviknight|def|2\n|\n|upkeep\n|turn|406\n|\n|t:|1791067962\n|switch|p1a: Toxapex|Toxapex, F|100/100\n|move|p2a: Garchomp|Toxic|p1a: Toxapex\n|-immune|p1a: Toxapex\n|\n|upkeep\n|turn|407\n|\n|t:|1791067962\n|switch|p1a: Corviknight|Corviknight, F|63/100\n|-ability|p1a: Corviknight|Pressure\n|move|p2a: Garchomp|Earthquake|p1a: Corviknight\n|-immune|p1a: Corviknight\n|\n|upkeep\n|turn|408\n|\n|t:|1791067962\n|move|p2a: Garchomp|Earthquake|p1a: Corviknight\n|-immune|p1a: Corviknight\n|move|p1a: Corviknight|Iron Defense|p1a: Corviknight\n|-boost|p1a: Corviknight|def|2\n|\n|upkeep\n|turn|409\n|\n|t:|1791067962\n|switch|p1a: Mew|Mew|88/100 tox\n|move|p2a: Garchomp|Toxic|p1a: Mew\n|-fail|p1a: Mew|tox\n|\n|-damage|p1a: Mew|82/100 tox|[from] psn\n|upkeep\n|turn|410\n|\n|t:|1791067962\n|switch|p1a: Corviknight|Corviknight, F|63/100\n|-ability|p1a: Corviknight|Pressure\n|move|p2a: Garchomp|Earthquake|p1a: Corviknight\n|-immune|p1a: Corviknight\n|\n|upkeep\n|turn|411\n|\n|t:|1791067962\n|move|p2a: Garchomp|Earthquake|p1a: Corviknight\n|-immune|p1a: Corviknight\n|move|p1a: Corviknight|Body Press|p2a: Garchomp\n|-damage|p2a: Garchomp|78/100\n|-damage|p1a: Corviknight|51/100|[from] ability: Rough Skin|[of] p2a: Garchomp\n|\n|-heal|p2a: Garchomp|84/100|[from] item: Leftovers\n|upkeep\n|turn|412\n|chat|%Eden-soul \u30cd\u30aa|existe literal 25 batalhas nesse momento e uma delas e essa\n|\n|t:|1791067962\n|switch|p1a: Gastrodon|Gastrodon-East, F, shiny|99/100\n|move|p2a: Garchomp|Toxic|p1a: Gastrodon\n|-status|p1a: Gastrodon|tox\n|\n|-heal|p2a: Garchomp|90/100|[from] item: Leftovers\n|-heal|p1a: Gastrodon|100/100 tox|[from] item: Leftovers\n|-damage|p1a: Gastrodon|94/100 tox|[from] psn\n|upkeep\n|turn|413\n|chat|%Eden-soul \u30cd\u30aa|se bobear vai ser a \u00faltima\n|\n|t:|1791067962\n|switch|p1a: Corviknight|Corviknight, F|51/100\n|-ability|p1a: Corviknight|Pressure\n|move|p2a: Garchomp|Earthquake|p1a: Corviknight\n|-immune|p1a: Corviknight\n|\n|-heal|p2a: Garchomp|96/100|[from] item: Leftovers\n|upkeep\n|turn|414\n|\n|t:|1791067962\n|switch|p2a: Heatran|Heatran, M|70/100\n|switch|p1a: Toxapex|Toxapex, F|100/100\n|\n|upkeep\n|turn|415\n|\n|t:|1791067962\n|switch|p1a: Gastrodon|Gastrodon-East, F, shiny|94/100 tox\n|move|p2a: Heatran|Earth Power|p1a: Gastrodon\n|-damage|p1a: Gastrodon|71/100 tox\n|\n|-heal|p1a: Gastrodon|77/100 tox|[from] item: Leftovers\n|-damage|p1a: Gastrodon|71/100 tox|[from] psn\n|upkeep\n|turn|416\n|\n|t:|1791067962\n|move|p2a: Heatran|Magma Storm|p1a: Gastrodon\n|-resisted|p1a: Gastrodon\n|-damage|p1a: Gastrodon|52/100 tox\n|-activate|p1a: Gastrodon|move: Magma Storm|[of] p2a: Heatran\n|move|p1a: Gastrodon|Scald|p2a: Heatran\n|-supereffective|p2a: Heatran\n|-damage|p2a: Heatran|15/100\n|\n|-heal|p1a: Gastrodon|58/100 tox|[from] item: Leftovers\n|-damage|p1a: Gastrodon|46/100 tox|[from] psn\n|-damage|p1a: Gastrodon|34/100 tox|[from] move: Magma Storm|[partiallytrapped]\n|upkeep\n|turn|417\n|\n|t:|1791067962\n|switch|p2a: Tornadus|Tornadus-Therian, M|100/100 brn\n|move|p1a: Gastrodon|Recover|p1a: Gastrodon\n|-heal|p1a: Gastrodon|84/100 tox\n|\n|-heal|p1a: Gastrodon|90/100 tox|[from] item: Leftovers\n|-damage|p1a: Gastrodon|71/100 tox|[from] psn\n|-damage|p2a: Tornadus|94/100 brn|[from] brn\n|-end|p1a: Gastrodon|Magma Storm|[partiallytrapped]|[silent]\n|upkeep\n|turn|418\n|\n|t:|1791067962\n|switch|p1a: Toxapex|Toxapex, F|100/100\n|move|p2a: Tornadus|U-turn|p1a: Toxapex\n|-resisted|p1a: Toxapex\n|-damage|p1a: Toxapex|98/100\n|\n|t:|1791067962\n|switch|p2a: Heatran|Heatran, M|15/100|[from] U-turn\n|\n|upkeep\n|turn|419\n|\n|t:|1791067962\n|switch|p1a: Gastrodon|Gastrodon-East, F, shiny|71/100 tox\n|move|p2a: Heatran|Earth Power|p1a: Gastrodon\n|-damage|p1a: Gastrodon|49/100 tox\n|\n|-heal|p1a: Gastrodon|55/100 tox|[from] item: Leftovers\n|-damage|p1a: Gastrodon|49/100 tox|[from] psn\n|upkeep\n|turn|420\n|\n|t:|1791067962\n|switch|p2a: Tornadus|Tornadus-Therian, M|100/100 brn\n|move|p1a: Gastrodon|Recover|p1a: Gastrodon\n|-heal|p1a: Gastrodon|99/100 tox\n|\n|-heal|p1a: Gastrodon|100/100 tox|[from] item: Leftovers\n|-damage|p1a: Gastrodon|88/100 tox|[from] psn\n|-damage|p2a: Tornadus|94/100 brn|[from] brn\n|upkeep\n|turn|421\n|\n|t:|1791067962\n|switch|p1a: Toxapex|Toxapex, F|100/100\n|move|p2a: Tornadus|U-turn|p1a: Toxapex\n|-resisted|p1a: Toxapex\n|-damage|p1a: Toxapex|98/100\n|\n|t:|1791067962\n|switch|p2a: Heatran|Heatran, M|15/100|[from] U-turn\n|\n|upkeep\n|turn|422\n|\n|t:|1791067962\n|switch|p1a: Gastrodon|Gastrodon-East, F, shiny|88/100 tox\n|move|p2a: Heatran|Earth Power|p1a: Gastrodon\n|-damage|p1a: Gastrodon|67/100 tox\n|-unboost|p1a: Gastrodon|spd|1\n|\n|-heal|p1a: Gastrodon|73/100 tox|[from] item: Leftovers\n|-damage|p1a: Gastrodon|67/100 tox|[from] psn\n|upkeep\n|turn|423\n|\n|t:|1791067962\n|switch|p1a: Clefable|Clefable, F|79/100 tox\n|move|p2a: Heatran|Magma Storm|p1a: Clefable\n|-damage|p1a: Clefable|25/100 tox\n|-activate|p1a: Clefable|move: Magma Storm|[of] p2a: Heatran\n|\n|-damage|p1a: Clefable|19/100 tox|[from] psn\n|-damage|p1a: Clefable|7/100 tox|[from] move: Magma Storm|[partiallytrapped]\n|upkeep\n|turn|424\n|chat|\u2606memphisdepayy|vish\n|chat|\u2606memphisdepayy|pegaro eu\n|chat|+Mattz_|Mattz_\n|\n|t:|1791067962\n|move|p2a: Heatran|Earth Power|p1a: Clefable\n|-damage|p1a: Clefable|0 fnt\n|faint|p1a: Clefable\n|\n|upkeep\n|\n|t:|1791067962\n|switch|p1a: Corviknight|Corviknight, F|51/100\n|-ability|p1a: Corviknight|Pressure\n|turn|425\n|\n|t:|1791067962\n|switch|p1a: Toxapex|Toxapex, F|100/100\n|move|p2a: Heatran|Eruption|p1a: Toxapex\n|-resisted|p1a: Toxapex\n|-damage|p1a: Toxapex|96/100\n|\n|upkeep\n|turn|426\n|chat|~ken|!randcat\n|\n|t:|1791067962\n|switch|p1a: Gastrodon|Gastrodon-East, F, shiny|67/100 tox\n|move|p2a: Heatran|Earth Power|p1a: Gastrodon\n|-damage|p1a: Gastrodon|45/100 tox\n|\n|-heal|p1a: Gastrodon|51/100 tox|[from] item: Leftovers\n|-damage|p1a: Gastrodon|45/100 tox|[from] psn\n|upkeep\n|turn|427\n|\n|t:|1791067962\n|switch|p2a: Tornadus|Tornadus-Therian, M|100/100 brn\n|move|p1a: Gastrodon|Recover|p1a: Gastrodon\n|-heal|p1a: Gastrodon|95/100 tox\n|\n|-heal|p1a: Gastrodon|100/100 tox|[from] item: Leftovers\n|-damage|p1a: Gastrodon|88/100 tox|[from] psn\n|-damage|p2a: Tornadus|94/100 brn|[from] brn\n|upkeep\n|turn|428\n|chat|%Tb0lt|wow, cat\n|\n|t:|1791067962\n|switch|p1a: Toxapex|Toxapex, F|100/100\n|move|p2a: Tornadus|U-turn|p1a: Toxapex\n|-resisted|p1a: Toxapex\n|-damage|p1a: Toxapex|98/100\n|chat|+Tunder\u265aboltz|wait a minute....\n|\n|t:|1791067962\n|switch|p2a: Garchomp|Garchomp, F|96/100|[from] U-turn\n|\n|-heal|p2a: Garchomp|100/100|[from] item: Leftovers\n|upkeep\n|turn|429\n|\n|t:|1791067962\n|switch|p2a: Toxapex|Toxapex, F|100/100\n|switch|p1a: Corviknight|Corviknight, F|51/100\n|-ability|p1a: Corviknight|Pressure\n|\n|upkeep\n|turn|430\n|chat|%Tb0lt|hmm\n|\n|t:|1791067962\n|switch|p1a: Toxapex|Toxapex, F|100/100\n|switch|p2a: Garchomp|Garchomp, F|100/100\n|\n|upkeep\n|turn|431\n|\n|t:|1791067962\n|switch|p2a: Rillaboom|Rillaboom, M|94/100\n|-fieldstart|move: Grassy Terrain|[from] ability: Grassy Surge|[of] p2a: Rillaboom\n|switch|p1a: Corviknight|Corviknight, F|51/100\n|-ability|p1a: Corviknight|Pressure\n|\n|-heal|p2a: Rillaboom|99/100|[from] Grassy Terrain\n|upkeep\n|turn|432\n|\n|t:|1791067962\n|switch|p2a: Toxapex|Toxapex, F|100/100\n|switch|p1a: Mew|Mew|82/100 tox\n|\n|-heal|p1a: Mew|88/100 tox|[from] Grassy Terrain\n|-damage|p1a: Mew|82/100 tox|[from] psn\n|upkeep\n|turn|433\n|\n|t:|1791067962\n|switch|p1a: Toxapex|Toxapex, F|100/100\n|switch|p2a: Melmetal|Melmetal|99/100\n|\n|-heal|p2a: Melmetal|100/100|[from] Grassy Terrain\n|upkeep\n|turn|434\n|\n|t:|1791067962\n|switch|p1a: Gastrodon|Gastrodon-East, F, shiny|88/100 tox\n|move|p2a: Melmetal|Substitute|p2a: Melmetal\n|-start|p2a: Melmetal|Substitute\n|-damage|p2a: Melmetal|76/100\n|\n|-heal|p2a: Melmetal|82/100|[from] Grassy Terrain\n|-heal|p2a: Melmetal|88/100|[from] item: Leftovers\n|-heal|p1a: Gastrodon|94/100 tox|[from] Grassy Terrain\n|-heal|p1a: Gastrodon|100/100 tox|[from] item: Leftovers\n|-damage|p1a: Gastrodon|94/100 tox|[from] psn\n|upkeep\n|turn|435\n|\n|t:|1791067962\n|switch|p1a: Toxapex|Toxapex, F|100/100\n|move|p2a: Melmetal|Substitute|p2a: Melmetal\n|-fail|p2a: Melmetal|move: Substitute\n|\n|-heal|p2a: Melmetal|94/100|[from] Grassy Terrain\n|-heal|p2a: Melmetal|99/100|[from] item: Leftovers\n|-fieldend|move: Grassy Terrain\n|upkeep\n|turn|436\n|\n|t:|1791067962\n|switch|p2a: Garchomp|Garchomp, F|100/100\n|switch|p1a: Gastrodon|Gastrodon-East, F, shiny|94/100 tox\n|\n|-heal|p1a: Gastrodon|100/100 tox|[from] item: Leftovers\n|-damage|p1a: Gastrodon|94/100 tox|[from] psn\n|upkeep\n|turn|437\n|\n|t:|1791067962\n|switch|p2a: Rillaboom|Rillaboom, M|99/100\n|-fieldstart|move: Grassy Terrain|[from] ability: Grassy Surge|[of] p2a: Rillaboom\n|switch|p1a: Corviknight|Corviknight, F|51/100\n|-ability|p1a: Corviknight|Pressure\n|\n|-heal|p2a: Rillaboom|100/100|[from] Grassy Terrain\n|upkeep\n|turn|438\n|chat|\u2606memphisdepayy|foda que\n|chat|\u2606memphisdepayy|agora ninguem ganha\n|chat|\u2606memphisdepayy|kkkkkkkkkkkkkkkkkkkkkkkkkkkkkkkkkkkk\n|j| goatzn\n|j| tyrantkingdad\n|j| SABOR SIX SEVEN\n|j| b985\n|j|~ken\n|j| Shwaky\n|j| amogusroxyrrrr\n|j|+Seyhura\n|j| Drugsdrugs\n|j| hamato miwa\n|j| bdhdbfbdhddjh\n|j| AmoMeuPaieMinhaMae\n|j| ankoro\n|j| Asterisk123\n|c|+Seyhura|KKKKKKKKK\n|n| amogusroxyrrrr|amogusroxyrrrr\n|c|+Seyhura|BOM DIA\n|j| Cataclyismo\n|j| hyag0\n|j| M10_delas\n|j| hyperium1233\n|j| kauvlr7\n|n| Asterisk123|asterisk123\n|c| M10_delas|fahh\n|j| golpista\n|j| Vents et Vagues\n|n|+Seyhura|seyhura\n|l| Asterisk123\n|j| anos luz\n|j| The Hisui Region\n|j| Mattz_\n|j| greninja_mdm\n|j|\u2606memphisdepayy\n|player|p1|memphisdepayy|unknownf|\n|inactive|Battle timer is ON: inactive players will automatically lose when time's up. (requested by memphisdepayy)\n|n|~ken@!|ken\n|c| hyag0|rpz 400 turno e complicado\n|c| Mattz_|Desliga a\u00ed, cara t\u00e1 voltando\n|n| golpista|golpista\n|n| Vents et Vagues|ventsetvagues\n|n| golpista|golpista\n|j| Frozion\n|c| Mattz_|...\n|j| nature's gladness\n|l| b985\n|j| mikubeam67667\n|j| you empty\n|j| sagazinha\n|l| greninja_mdm\n|n| mikubeam67667|mikubeam67667\n|j| volchris\n|j| Drampa Raivoso\n|c|~ken|notlikethis.gif\n|inactive|dugtrioisbroken has 30 seconds to reconnect!\n|c| M10_delas|se pa vai p mais de 500\n|n| you empty|youempty\n|c| nature's gladness|hows it going in here\n|c| hyag0|pprt\n|c| hyag0|naooo\n|j|\u2606Dugtrio Is Broken\n|inactive|dugtrioisbroken reconnected and has 115 seconds left.\n|player|p2|Dugtrio Is Broken|#splxviicryonicles2|\n|inactive|Dugtrio Is Broken also wants the timer to be on.\n|c| AmoMeuPaieMinhaMae|https://smogtours.psim.us/battle-gen9lc-976447\n|l| hamato miwa\n|l|\u2606Dugtrio Is Broken\n|inactive|Dugtrio Is Broken disconnected and has a minute to reconnect!\n|player|p2|\n|j| RiloBR\n|c| AmoMeuPaieMinhaMae|ops\n|j| lealleallegal\n|j| notlena\n|j| fortnitefanatic69\n|j| greninja_mdm\n|c|~ken|notlikethis.gif x2\n|j| KyogreLoverVGC\n|j|\u2606Dugtrio Is Broken\n|inactive|Dugtrio Is Broken reconnected and has 85 seconds left.\n|player|p2|Dugtrio Is Broken|#splxviicryonicles2|\n|l| nature's gladness\n|j| mew broken\n|\n|t:|1791068098\n|switch|p1a: Toxapex|Toxapex, F|100/100\n|move|p2a: Rillaboom|Swords Dance|p2a: Rillaboom\n|-boost|p2a: Rillaboom|atk|2\n|\n|upkeep\n|turn|439\n|c|\u2606Dugtrio Is Broken|Opa\n|j| hxmo \u2764\ufe0e\n|n|\u2606dugtrio is broken|dugtrioisbroken\n|l| mew broken\n|n| greninja_mdm|greninjamdm\n|l| Drampa Raivoso\n|j| SV RIXK1_\n|\n|t:|1791068111\n|switch|p1a: Mew|Mew|82/100 tox\n|move|p2a: Rillaboom|Swords Dance|p2a: Rillaboom\n|-boost|p2a: Rillaboom|atk|2\n|\n|-heal|p1a: Mew|88/100 tox|[from] Grassy Terrain\n|-damage|p1a: Mew|82/100 tox|[from] psn\n|upkeep\n|turn|440\n|n|\u2606Dugtrio Is Broken|dugtrioisbroken\n|\n|t:|1791068120\n|switch|p1a: Toxapex|Toxapex, F|100/100\n|move|p2a: Rillaboom|Swords Dance|p2a: Rillaboom\n|-boost|p2a: Rillaboom|atk|2\n|\n|upkeep\n|turn|441\n|c| RiloBR|q\n|c| hyag0|olha s\u00f3 o meu macaquinho\n|l| RiloBR\n|\n|t:|1791068130\n|switch|p1a: Mew|Mew|82/100 tox\n|move|p2a: Rillaboom|Drain Punch|p1a: Mew\n|-resisted|p1a: Mew\n|-damage|p1a: Mew|35/100 tox\n|\n|-heal|p1a: Mew|41/100 tox|[from] Grassy Terrain\n|-damage|p1a: Mew|35/100 tox|[from] psn\n|-fieldend|move: Grassy Terrain\n|upkeep\n|turn|442\n|\n|t:|1791068138\n|move|p1a: Mew|Soft-Boiled|p1a: Mew\n|-heal|p1a: Mew|85/100 tox\n|move|p2a: Rillaboom|Grassy Glide|p1a: Mew\n|-damage|p1a: Mew|0 fnt\n|faint|p1a: Mew\n|\n|upkeep\n|j| RiloBR\n|\n|t:|1791068141\n|switch|p1a: Gastrodon|Gastrodon-East, F, shiny|94/100 tox\n|turn|443\n|\n|t:|1791068147\n|switch|p1a: Toxapex|Toxapex, F|100/100\n|move|p2a: Rillaboom|Drain Punch|p1a: Toxapex\n|-resisted|p1a: Toxapex\n|-damage|p1a: Toxapex|63/100\n|\n|upkeep\n|turn|444\n|\n|t:|1791068153\n|switch|p1a: Corviknight|Corviknight, F|51/100\n|-ability|p1a: Corviknight|Pressure\n|move|p2a: Rillaboom|Swords Dance|p2a: Rillaboom\n|-boost|p2a: Rillaboom|atk|0\n|\n|upkeep\n|turn|445\n|\n|t:|1791068157\n|switch|p1a: Toxapex|Toxapex, F|97/100\n|move|p2a: Rillaboom|Swords Dance|p2a: Rillaboom\n|-boost|p2a: Rillaboom|atk|0\n|\n|upkeep\n|turn|446\n|\n|t:|1791068159\n|switch|p1a: Corviknight|Corviknight, F|51/100\n|-ability|p1a: Corviknight|Pressure\n|move|p2a: Rillaboom|Swords Dance|p2a: Rillaboom\n|-boost|p2a: Rillaboom|atk|0\n|\n|upkeep\n|turn|447\n|\n|t:|1791068161\n|switch|p1a: Toxapex|Toxapex, F|100/100\n|move|p2a: Rillaboom|Swords Dance|p2a: Rillaboom\n|-boost|p2a: Rillaboom|atk|0\n|\n|upkeep\n|turn|448\n|j| Tunder\u265aboltz\n|\n|t:|1791068163\n|switch|p1a: Corviknight|Corviknight, F|51/100\n|-ability|p1a: Corviknight|Pressure\n|move|p2a: Rillaboom|Swords Dance|p2a: Rillaboom\n|-boost|p2a: Rillaboom|atk|0\n|\n|upkeep\n|turn|449\n|\n|t:|1791068165\n|switch|p1a: Toxapex|Toxapex, F|100/100\n|move|p2a: Rillaboom|Swords Dance|p2a: Rillaboom\n|-boost|p2a: Rillaboom|atk|0\n|\n|upkeep\n|turn|450\n|j| tiger_liky\n|\n|t:|1791068167\n|switch|p1a: Corviknight|Corviknight, F|51/100\n|-ability|p1a: Corviknight|Pressure\n|move|p2a: Rillaboom|Swords Dance|p2a: Rillaboom\n|-boost|p2a: Rillaboom|atk|0\n|\n|upkeep\n|turn|451\n|j| Isabel \u2764 Schmitt\n|\n|t:|1791068170\n|switch|p1a: Toxapex|Toxapex, F|100/100\n|-activate|p2a: Rillaboom|move: Struggle\n|move|p2a: Rillaboom|Struggle|p1a: Toxapex\n|-damage|p1a: Toxapex|52/100\n|-damage|p2a: Rillaboom|75/100|[from] recoil\n|\n|upkeep\n|turn|452\n|c|\u2606memphisdepayy|seloco\n|\n|t:|1791068179\n|-activate|p2a: Rillaboom|move: Struggle\n|move|p2a: Rillaboom|Struggle|p1a: Toxapex\n|-damage|p1a: Toxapex|8/100\n|-damage|p2a: Rillaboom|50/100|[from] recoil\n|move|p1a: Toxapex|Recover|p1a: Toxapex\n|-heal|p1a: Toxapex|58/100\n|\n|upkeep\n|turn|453\n|\n|t:|1791068182\n|-activate|p2a: Rillaboom|move: Struggle\n|move|p2a: Rillaboom|Struggle|p1a: Toxapex\n|-damage|p1a: Toxapex|9/100\n|-damage|p2a: Rillaboom|25/100|[from] recoil\n|move|p1a: Toxapex|Recover|p1a: Toxapex\n|-heal|p1a: Toxapex|59/100\n|\n|upkeep\n|turn|454\n|c| M10_delas|vai pro struggle\n|\n|t:|1791068190\n|switch|p2a: Heatran|Heatran, M|15/100\n|move|p1a: Toxapex|Recover|p1a: Toxapex\n|-heal|p1a: Toxapex|100/100\n|\n|upkeep\n|turn|455\n|c| hyag0|isso da jgr vs stall\n|\n|t:|1791068197\n|switch|p1a: Corviknight|Corviknight, F|51/100\n|-ability|p1a: Corviknight|Pressure\n|move|p2a: Heatran|Earth Power|p1a: Corviknight\n|-immune|p1a: Corviknight\n|\n|upkeep\n|turn|456\n|\n|t:|1791068202\n|switch|p1a: Toxapex|Toxapex, F|100/100\n|move|p2a: Heatran|Earth Power|p1a: Toxapex\n|-supereffective|p1a: Toxapex\n|-damage|p1a: Toxapex|48/100\n|\n|upkeep\n|turn|457\n|j| shadowtree87\n|\n|t:|1791068209\n|switch|p1a: Gastrodon|Gastrodon-East, F, shiny|94/100 tox\n|move|p2a: Heatran|Earth Power|p1a: Gastrodon\n|-damage|p1a: Gastrodon|73/100 tox\n|\n|-heal|p1a: Gastrodon|79/100 tox|[from] item: Leftovers\n|-damage|p1a: Gastrodon|73/100 tox|[from] psn\n|upkeep\n|turn|458\n|l| Tunder\u265aboltz\n|l| shadowtree87\n|\n|t:|1791068215\n|switch|p2a: Rillaboom|Rillaboom, M|25/100\n|-fieldstart|move: Grassy Terrain|[from] ability: Grassy Surge|[of] p2a: Rillaboom\n|switch|p1a: Corviknight|Corviknight, F|51/100\n|-ability|p1a: Corviknight|Pressure\n|\n|-heal|p2a: Rillaboom|32/100|[from] Grassy Terrain\n|upkeep\n|turn|459\n|j| SouCarlos\n|\n|t:|1791068222\n|switch|p2a: Heatran|Heatran, M|15/100\n|switch|p1a: Gastrodon|Gastrodon-East, F, shiny|73/100 tox\n|\n|-heal|p2a: Heatran|21/100|[from] Grassy Terrain\n|-heal|p1a: Gastrodon|79/100 tox|[from] Grassy Terrain\n|-heal|p1a: Gastrodon|85/100 tox|[from] item: Leftovers\n|-damage|p1a: Gastrodon|79/100 tox|[from] psn\n|upkeep\n|turn|460\n|j| hamato miwa\n|\n|t:|1791068226\n|switch|p2a: Tornadus|Tornadus-Therian, M|100/100 brn\n|switch|p1a: Corviknight|Corviknight, F|51/100\n|-ability|p1a: Corviknight|Pressure\n|\n|-damage|p2a: Tornadus|94/100 brn|[from] brn\n|upkeep\n|turn|461\n|\n|t:|1791068237\n|switch|p2a: Garchomp|Garchomp, F|100/100\n|switch|p1a: Toxapex|Toxapex, F|82/100\n|\n|-heal|p1a: Toxapex|88/100|[from] Grassy Terrain\n|upkeep\n|turn|462\n|\n|t:|1791068242\n|switch|p2a: Heatran|Heatran, M|21/100\n|switch|p1a: Corviknight|Corviknight, F|51/100\n|-ability|p1a: Corviknight|Pressure\n|\n|-heal|p2a: Heatran|27/100|[from] Grassy Terrain\n|-fieldend|move: Grassy Terrain\n|upkeep\n|turn|463\n|\n|t:|1791068247\n|switch|p2a: Tornadus|Tornadus-Therian, M|100/100 brn\n|switch|p1a: Gastrodon|Gastrodon-East, F, shiny|79/100 tox\n|\n|-heal|p1a: Gastrodon|85/100 tox|[from] item: Leftovers\n|-damage|p1a: Gastrodon|79/100 tox|[from] psn\n|-damage|p2a: Tornadus|94/100 brn|[from] brn\n|upkeep\n|turn|464\n|\n|t:|1791068251\n|switch|p2a: Rillaboom|Rillaboom, M|32/100\n|-fieldstart|move: Grassy Terrain|[from] ability: Grassy Surge|[of] p2a: Rillaboom\n|switch|p1a: Toxapex|Toxapex, F|100/100\n|\n|-heal|p2a: Rillaboom|38/100|[from] Grassy Terrain\n|upkeep\n|turn|465\n|\n|t:|1791068254\n|switch|p2a: Heatran|Heatran, M|27/100\n|switch|p1a: Gastrodon|Gastrodon-East, F, shiny|79/100 tox\n|\n|-heal|p2a: Heatran|33/100|[from] Grassy Terrain\n|-heal|p1a: Gastrodon|85/100 tox|[from] Grassy Terrain\n|-heal|p1a: Gastrodon|91/100 tox|[from] item: Leftovers\n|-damage|p1a: Gastrodon|85/100 tox|[from] psn\n|upkeep\n|turn|466\n|\n|t:|1791068258\n|switch|p2a: Tornadus|Tornadus-Therian, M|100/100 brn\n|switch|p1a: Corviknight|Corviknight, F|51/100\n|-ability|p1a: Corviknight|Pressure\n|\n|-damage|p2a: Tornadus|94/100 brn|[from] brn\n|upkeep\n|turn|467\n|\n|t:|1791068265\n|switch|p2a: Rillaboom|Rillaboom, M|38/100\n|switch|p1a: Toxapex|Toxapex, F|100/100\n|\n|-heal|p2a: Rillaboom|44/100|[from] Grassy Terrain\n|upkeep\n|turn|468\n|\n|t:|1791068271\n|switch|p2a: Heatran|Heatran, M|33/100\n|switch|p1a: Gastrodon|Gastrodon-East, F, shiny|85/100 tox\n|\n|-heal|p2a: Heatran|40/100|[from] Grassy Terrain\n|-heal|p1a: Gastrodon|91/100 tox|[from] Grassy Terrain\n|-heal|p1a: Gastrodon|97/100 tox|[from] item: Leftovers\n|-damage|p1a: Gastrodon|91/100 tox|[from] psn\n|-fieldend|move: Grassy Terrain\n|upkeep\n|turn|469\n|c| tiger_liky|melhor batalha do mundo\n|\n|t:|1791068275\n|switch|p2a: Tornadus|Tornadus-Therian, M|100/100 brn\n|switch|p1a: Toxapex|Toxapex, F|100/100\n|\n|-damage|p2a: Tornadus|94/100 brn|[from] brn\n|upkeep\n|turn|470\n|c| notlena|sim\n|\n|t:|1791068281\n|switch|p2a: Rillaboom|Rillaboom, M|44/100\n|-fieldstart|move: Grassy Terrain|[from] ability: Grassy Surge|[of] p2a: Rillaboom\n|switch|p1a: Gastrodon|Gastrodon-East, F, shiny|91/100 tox\n|\n|-heal|p2a: Rillaboom|50/100|[from] Grassy Terrain\n|-heal|p1a: Gastrodon|97/100 tox|[from] Grassy Terrain\n|-heal|p1a: Gastrodon|100/100 tox|[from] item: Leftovers\n|-damage|p1a: Gastrodon|94/100 tox|[from] psn\n|upkeep\n|turn|471\n|c| tiger_liky|Nada acontece feijoada\n|\n|t:|1791068284\n|switch|p2a: Tornadus|Tornadus-Therian, M|100/100 brn\n|switch|p1a: Corviknight|Corviknight, F|51/100\n|-ability|p1a: Corviknight|Pressure\n|\n|-damage|p2a: Tornadus|94/100 brn|[from] brn\n|upkeep\n|turn|472\n|c|+Seyhura|Cinema\n|\n|t:|1791068290\n|switch|p1a: Toxapex|Toxapex, F|100/100\n|move|p2a: Tornadus|Heat Wave|p1a: Toxapex\n|-resisted|p1a: Toxapex\n|-damage|p1a: Toxapex|91/100\n|\n|-heal|p1a: Toxapex|97/100|[from] Grassy Terrain\n|-damage|p2a: Tornadus|88/100 brn|[from] brn\n|upkeep\n|turn|473\n|j| sussaix\n|\n|t:|1791068295\n|switch|p2a: Heatran|Heatran, M|40/100\n|switch|p1a: Gastrodon|Gastrodon-East, F, shiny|94/100 tox\n|\n|-heal|p2a: Heatran|46/100|[from] Grassy Terrain\n|-heal|p1a: Gastrodon|100/100 tox|[from] Grassy Terrain\n|-damage|p1a: Gastrodon|94/100 tox|[from] psn\n|upkeep\n|turn|474\n|c| hyag0|pior a tornadus tem heat wave\n|\n|t:|1791068298\n|switch|p2a: Tornadus|Tornadus-Therian, M|100/100 brn\n|switch|p1a: Toxapex|Toxapex, F|100/100\n|\n|-damage|p2a: Tornadus|94/100 brn|[from] brn\n|-fieldend|move: Grassy Terrain\n|upkeep\n|turn|475\n|c| M10_delas|aki cabo n\u00e9\n|\n|t:|1791068301\n|switch|p2a: Rillaboom|Rillaboom, M|50/100\n|-fieldstart|move: Grassy Terrain|[from] ability: Grassy Surge|[of] p2a: Rillaboom\n|switch|p1a: Gastrodon|Gastrodon-East, F, shiny|94/100 tox\n|\n|-heal|p2a: Rillaboom|57/100|[from] Grassy Terrain\n|-heal|p1a: Gastrodon|100/100 tox|[from] Grassy Terrain\n|-damage|p1a: Gastrodon|94/100 tox|[from] psn\n|upkeep\n|turn|476\n|c| golpista|o tour morreu\n|\n|t:|1791068306\n|switch|p2a: Tornadus|Tornadus-Therian, M|100/100 brn\n|move|p1a: Gastrodon|Scald|p2a: Tornadus\n|-damage|p2a: Tornadus|74/100 brn\n|\n|-heal|p1a: Gastrodon|100/100 tox|[from] Grassy Terrain\n|-damage|p1a: Gastrodon|88/100 tox|[from] psn\n|-damage|p2a: Tornadus|68/100 brn|[from] brn\n|upkeep\n|turn|477\n|c| M10_delas|virou bagun\u00e7a\n|c| hyag0|so q toxapex acaba\n|l| hamato miwa\n|\n|t:|1791068310\n|switch|p2a: Toxapex|Toxapex, F|100/100\n|switch|p1a: Toxapex|Toxapex, F|100/100\n|\n|upkeep\n|turn|478\n|c| golpista|so tem a battle agr, nao tem mais tour\n|c| tiger_liky|O torneio foi pro belel\u00e9u mas os caba ta firme e forte\n|\n|t:|1791068314\n|switch|p1a: Corviknight|Corviknight, F|51/100\n|-ability|p1a: Corviknight|Pressure\n|switch|p2a: Tornadus|Tornadus-Therian, M|100/100 brn\n|\n|-damage|p2a: Tornadus|94/100 brn|[from] brn\n|upkeep\n|turn|479\n|\n|t:|1791068317\n|switch|p2a: Heatran|Heatran, M|46/100\n|switch|p1a: Toxapex|Toxapex, F|100/100\n|\n|-heal|p2a: Heatran|52/100|[from] Grassy Terrain\n|-fieldend|move: Grassy Terrain\n|upkeep\n|turn|480\n|\n|t:|1791068320\n|switch|p2a: Rillaboom|Rillaboom, M|57/100\n|-fieldstart|move: Grassy Terrain|[from] ability: Grassy Surge|[of] p2a: Rillaboom\n|move|p1a: Toxapex|Block|p2a: Rillaboom\n|-activate|p2a: Rillaboom|trapped\n|\n|-heal|p2a: Rillaboom|63/100|[from] Grassy Terrain\n|upkeep\n|turn|481\n|c| tiger_liky|Soldados lutando mesmo a guerra acabando a 67 anos attas\n|\n|t:|1791068329\n|switch|p1a: Corviknight|Corviknight, F|51/100\n|-ability|p1a: Corviknight|Pressure\n|-activate|p2a: Rillaboom|move: Struggle\n|move|p2a: Rillaboom|Struggle|p1a: Corviknight\n|-damage|p1a: Corviknight|40/100\n|-damage|p2a: Rillaboom|38/100|[from] recoil\n|\n|-heal|p2a: Rillaboom|44/100|[from] Grassy Terrain\n|upkeep\n|turn|482\n|\n|t:|1791068334\n|switch|p2a: Heatran|Heatran, M|52/100\n|switch|p1a: Gastrodon|Gastrodon-East, F, shiny|88/100 tox\n|\n|-heal|p2a: Heatran|58/100|[from] Grassy Terrain\n|-heal|p1a: Gastrodon|94/100 tox|[from] Grassy Terrain\n|-heal|p1a: Gastrodon|100/100 tox|[from] item: Leftovers\n|-damage|p1a: Gastrodon|94/100 tox|[from] psn\n|upkeep\n|turn|483\n|c| hyag0|isso \u00e9 Gen8 \u00e9?\n|\n|t:|1791068337\n|switch|p2a: Tornadus|Tornadus-Therian, M|100/100 brn\n|switch|p1a: Toxapex|Toxapex, F|100/100\n|\n|-damage|p2a: Tornadus|94/100 brn|[from] brn\n|upkeep\n|turn|484\n|c| notlena|n\n|\n|t:|1791068343\n|switch|p2a: Heatran|Heatran, M|58/100\n|switch|p1a: Gastrodon|Gastrodon-East, F, shiny|94/100 tox\n|\n|-heal|p2a: Heatran|64/100|[from] Grassy Terrain\n|-heal|p1a: Gastrodon|100/100 tox|[from] Grassy Terrain\n|-damage|p1a: Gastrodon|94/100 tox|[from] psn\n|-fieldend|move: Grassy Terrain\n|upkeep\n|turn|485\n|\n|t:|1791068348\n|switch|p2a: Rillaboom|Rillaboom, M|44/100\n|-fieldstart|move: Grassy Terrain|[from] ability: Grassy Surge|[of] p2a: Rillaboom\n|switch|p1a: Toxapex|Toxapex, F|100/100\n|\n|-heal|p2a: Rillaboom|50/100|[from] Grassy Terrain\n|upkeep\n|turn|486\n|\n|t:|1791068350\n|switch|p2a: Heatran|Heatran, M|64/100\n|switch|p1a: Gastrodon|Gastrodon-East, F, shiny|94/100 tox\n|\n|-heal|p2a: Heatran|70/100|[from] Grassy Terrain\n|-heal|p1a: Gastrodon|100/100 tox|[from] Grassy Terrain\n|-damage|p1a: Gastrodon|94/100 tox|[from] psn\n|upkeep\n|turn|487\n|\n|t:|1791068354\n|switch|p1a: Toxapex|Toxapex, F|100/100\n|move|p2a: Heatran|Taunt|p1a: Toxapex\n|-start|p1a: Toxapex|move: Taunt\n|\n|-heal|p2a: Heatran|77/100|[from] Grassy Terrain\n|upkeep\n|turn|488\n|\n|t:|1791068359\n|switch|p1a: Gastrodon|Gastrodon-East, F, shiny|94/100 tox\n|move|p2a: Heatran|Earth Power|p1a: Gastrodon\n|-damage|p1a: Gastrodon|72/100 tox\n|\n|-heal|p2a: Heatran|83/100|[from] Grassy Terrain\n|-heal|p1a: Gastrodon|78/100 tox|[from] Grassy Terrain\n|-heal|p1a: Gastrodon|85/100 tox|[from] item: Leftovers\n|-damage|p1a: Gastrodon|78/100 tox|[from] psn\n|upkeep\n|turn|489\n|c| hyag0|os time parecendo tanto os de g8\n|\n|t:|1791068368\n|switch|p1a: Toxapex|Toxapex, F|100/100\n|move|p2a: Heatran|Taunt|p1a: Toxapex\n|-start|p1a: Toxapex|move: Taunt\n|\n|-heal|p2a: Heatran|89/100|[from] Grassy Terrain\n|-fieldend|move: Grassy Terrain\n|upkeep\n|turn|490\n|c| golpista|pq \u00e9 gen 8 n\u00e9\n|c| sussaix|e gen 8 s\n|\n|t:|1791068374\n|switch|p1a: Gastrodon|Gastrodon-East, F, shiny|78/100 tox\n|move|p2a: Heatran|Eruption|p1a: Gastrodon\n|-resisted|p1a: Gastrodon\n|-damage|p1a: Gastrodon|54/100 tox\n|\n|-heal|p1a: Gastrodon|60/100 tox|[from] item: Leftovers\n|-damage|p1a: Gastrodon|54/100 tox|[from] psn\n|upkeep\n|turn|491\n|c| tiger_liky|O gen8 ou ali \u00e9 cima \u00e9 enfeite hyag0\n|\n|t:|1791068378\n|move|p2a: Heatran|Taunt|p1a: Gastrodon\n|-start|p1a: Gastrodon|move: Taunt\n|move|p1a: Gastrodon|Scald|p2a: Heatran\n|-supereffective|p2a: Heatran\n|-damage|p2a: Heatran|36/100\n|\n|-heal|p1a: Gastrodon|60/100 tox|[from] item: Leftovers\n|-damage|p1a: Gastrodon|48/100 tox|[from] psn\n|upkeep\n|turn|492\n|\n|t:|1791068384\n|switch|p2a: Rillaboom|Rillaboom, M|50/100\n|-fieldstart|move: Grassy Terrain|[from] ability: Grassy Surge|[of] p2a: Rillaboom\n|switch|p1a: Toxapex|Toxapex, F|100/100\n|\n|-heal|p2a: Rillaboom|57/100|[from] Grassy Terrain\n|upkeep\n|turn|493\n|c| hyag0|onde\n|\n|t:|1791068387\n|switch|p2a: Heatran|Heatran, M|36/100\n|switch|p1a: Gastrodon|Gastrodon-East, F, shiny|48/100 tox\n|\n|-heal|p2a: Heatran|43/100|[from] Grassy Terrain\n|-heal|p1a: Gastrodon|54/100 tox|[from] Grassy Terrain\n|-heal|p1a: Gastrodon|60/100 tox|[from] item: Leftovers\n|-damage|p1a: Gastrodon|54/100 tox|[from] psn\n|upkeep\n|turn|494\n|c| hyag0|att\n|l| tyrantkingdad\n|\n|t:|1791068394\n|switch|p2a: Garchomp|Garchomp, F|100/100\n|move|p1a: Gastrodon|Recover|p1a: Gastrodon\n|-heal|p1a: Gastrodon|100/100 tox\n|\n|-damage|p1a: Gastrodon|88/100 tox|[from] psn\n|upkeep\n|turn|495\n|\n|t:|1791068398\n|switch|p2a: Tornadus|Tornadus-Therian, M|100/100 brn\n|switch|p1a: Corviknight|Corviknight, F|40/100\n|-ability|p1a: Corviknight|Pressure\n|\n|-damage|p2a: Tornadus|94/100 brn|[from] brn\n|upkeep\n|turn|496\n|c| hyag0|\u00e9 q tenho problema de vis\u00e3o :<\n|\n|t:|1791068402\n|switch|p2a: Heatran|Heatran, M|43/100\n|switch|p1a: Toxapex|Toxapex, F|100/100\n|\n|-heal|p2a: Heatran|49/100|[from] Grassy Terrain\n|-fieldend|move: Grassy Terrain\n|upkeep\n|turn|497\n|\n|t:|1791068407\n|switch|p1a: Gastrodon|Gastrodon-East, F, shiny|88/100 tox\n|move|p2a: Heatran|Earth Power|p1a: Gastrodon\n|-damage|p1a: Gastrodon|64/100 tox\n|\n|-heal|p1a: Gastrodon|70/100 tox|[from] item: Leftovers\n|-damage|p1a: Gastrodon|64/100 tox|[from] psn\n|upkeep\n|turn|498\n|c| tiger_liky|CARAI ALGUEM FAZ ALGUMA COISA AUE NAO SEJA SWITCG MEU DEUS\n|\n|t:|1791068411\n|switch|p2a: Tornadus|Tornadus-Therian, M|100/100 brn\n|move|p1a: Gastrodon|Recover|p1a: Gastrodon\n|-heal|p1a: Gastrodon|100/100 tox\n|\n|-damage|p1a: Gastrodon|88/100 tox|[from] psn\n|-damage|p2a: Tornadus|94/100 brn|[from] brn\n|upkeep\n|turn|499\n|\n|t:|1791068416\n|switch|p2a: Rillaboom|Rillaboom, M|57/100\n|-fieldstart|move: Grassy Terrain|[from] ability: Grassy Surge|[of] p2a: Rillaboom\n|switch|p1a: Toxapex|Toxapex, F|100/100\n|\n|-heal|p2a: Rillaboom|63/100|[from] Grassy Terrain\n|upkeep\n|bigerror|You will auto-tie if the battle doesn't end in 500 turns (on turn 1000).\n|-hint|If you want to tie earlier, consider using `/offertie`.\n|turn|500\n|\n|t:|1791068424\n|switch|p2a: Heatran|Heatran, M|49/100\n|switch|p1a: Gastrodon|Gastrodon-East, F, shiny|88/100 tox\n|\n|-heal|p2a: Heatran|55/100|[from] Grassy Terrain\n|-heal|p1a: Gastrodon|94/100 tox|[from] Grassy Terrain\n|-heal|p1a: Gastrodon|100/100 tox|[from] item: Leftovers\n|-damage|p1a: Gastrodon|94/100 tox|[from] psn\n|upkeep\n|turn|501\n|j| o opala branco\n|c|\u2606memphisdepayy|top\n|\n|t:|1791068433\n|switch|p2a: Garchomp|Garchomp, F|100/100\n|switch|p1a: Toxapex|Toxapex, F|100/100\n|\n|upkeep\n|turn|502\n|\n|t:|1791068436\n|switch|p2a: Heatran|Heatran, M|55/100\n|switch|p1a: Corviknight|Corviknight, F|40/100\n|-ability|p1a: Corviknight|Pressure\n|\n|-heal|p2a: Heatran|61/100|[from] Grassy Terrain\n|upkeep\n|turn|503\n|\n|t:|1791068442\n|switch|p1a: Toxapex|Toxapex, F|100/100\n|move|p2a: Heatran|Earth Power|p1a: Toxapex\n|-supereffective|p1a: Toxapex\n|-damage|p1a: Toxapex|46/100\n|\n|-heal|p2a: Heatran|67/100|[from] Grassy Terrain\n|-heal|p1a: Toxapex|52/100|[from] Grassy Terrain\n|-fieldend|move: Grassy Terrain\n|upkeep\n|turn|504\n|l| goatzn\n|j| lctrem\n|l| Isabel \u2764 Schmitt\n|j|+35Q71N\n|\n|t:|1791068447\n|switch|p1a: Gastrodon|Gastrodon-East, F, shiny|94/100 tox\n|move|p2a: Heatran|Earth Power|p1a: Gastrodon\n|-damage|p1a: Gastrodon|73/100 tox\n|\n|-heal|p1a: Gastrodon|79/100 tox|[from] item: Leftovers\n|-damage|p1a: Gastrodon|73/100 tox|[from] psn\n|upkeep\n|turn|505\n|c| hyag0|slk turno 500\n|j| hamato miwa\n|\n|t:|1791068454\n|switch|p2a: Tornadus|Tornadus-Therian, M|100/100 brn\n|move|p1a: Gastrodon|Scald|p2a: Tornadus\n|-damage|p2a: Tornadus|76/100 brn\n|\n|-heal|p1a: Gastrodon|79/100 tox|[from] item: Leftovers\n|-damage|p1a: Gastrodon|67/100 tox|[from] psn\n|-damage|p2a: Tornadus|70/100 brn|[from] brn\n|upkeep\n|turn|506\n|\n|t:|1791068459\n|switch|p2a: Garchomp|Garchomp, F|100/100\n|move|p1a: Gastrodon|Recover|p1a: Gastrodon\n|-heal|p1a: Gastrodon|100/100 tox\n|\n|-damage|p1a: Gastrodon|82/100 tox|[from] psn\n|upkeep\n|turn|507\n|\n|t:|1791068464\n|switch|p2a: Rillaboom|Rillaboom, M|63/100\n|-fieldstart|move: Grassy Terrain|[from] ability: Grassy Surge|[of] p2a: Rillaboom\n|switch|p1a: Corviknight|Corviknight, F|40/100\n|-ability|p1a: Corviknight|Pressure\n|\n|-heal|p2a: Rillaboom|69/100|[from] Grassy Terrain\n|upkeep\n|turn|508\n|j| Eden-soul \u30cd\u30aa\n|c|+Seyhura|Aoi\n|\n|t:|1791068467\n|switch|p2a: Heatran|Heatran, M|67/100\n|switch|p1a: Gastrodon|Gastrodon-East, F, shiny|82/100 tox\n|\n|-heal|p2a: Heatran|74/100|[from] Grassy Terrain\n|-heal|p1a: Gastrodon|88/100 tox|[from] Grassy Terrain\n|-heal|p1a: Gastrodon|94/100 tox|[from] item: Leftovers\n|-damage|p1a: Gastrodon|88/100 tox|[from] psn\n|upkeep\n|turn|509\n|c|+Seyhura|Alo\n|c| hyag0|alo\n|\n|t:|1791068473\n|switch|p2a: Tornadus|Tornadus-Therian, M|100/100 brn\n|switch|p1a: Toxapex|Toxapex, F|85/100\n|\n|-heal|p1a: Toxapex|91/100|[from] Grassy Terrain\n|-damage|p2a: Tornadus|94/100 brn|[from] brn\n|upkeep\n|turn|510\n|\n|t:|1791068476\n|switch|p2a: Heatran|Heatran, M|74/100\n|switch|p1a: Gastrodon|Gastrodon-East, F, shiny|88/100 tox\n|\n|-heal|p2a: Heatran|80/100|[from] Grassy Terrain\n|-heal|p1a: Gastrodon|94/100 tox|[from] Grassy Terrain\n|-heal|p1a: Gastrodon|100/100 tox|[from] item: Leftovers\n|-damage|p1a: Gastrodon|94/100 tox|[from] psn\n|upkeep\n|turn|511\n|j| goatzn\n|j| Shogo84\n|\n|t:|1791068480\n|switch|p1a: Toxapex|Toxapex, F|100/100\n|move|p2a: Heatran|Taunt|p1a: Toxapex\n|-start|p1a: Toxapex|move: Taunt\n|\n|-heal|p2a: Heatran|86/100|[from] Grassy Terrain\n|-fieldend|move: Grassy Terrain\n|upkeep\n|turn|512\n|\n|t:|1791068485\n|switch|p1a: Gastrodon|Gastrodon-East, F, shiny|94/100 tox\n|move|p2a: Heatran|Earth Power|p1a: Gastrodon\n|-damage|p1a: Gastrodon|70/100 tox\n|\n|-heal|p1a: Gastrodon|76/100 tox|[from] item: Leftovers\n|-damage|p1a: Gastrodon|70/100 tox|[from] psn\n|upkeep\n|turn|513\n|c| tiger_liky|Vadir\n|c| tiger_liky|ALOOOOOOO\n|c| kauvlr7|curou o heatran full naas trocas\n|\n|t:|1791068496\n|switch|p2a: Tornadus|Tornadus-Therian, M|100/100 brn\n|switch|p1a: Toxapex|Toxapex, F|100/100\n|\n|-damage|p2a: Tornadus|94/100 brn|[from] brn\n|upkeep\n|turn|514\n|\n|t:|1791068500\n|switch|p2a: Rillaboom|Rillaboom, M|69/100\n|-fieldstart|move: Grassy Terrain|[from] ability: Grassy Surge|[of] p2a: Rillaboom\n|switch|p1a: Gastrodon|Gastrodon-East, F, shiny|70/100 tox\n|\n|-heal|p2a: Rillaboom|75/100|[from] Grassy Terrain\n|-heal|p1a: Gastrodon|76/100 tox|[from] Grassy Terrain\n|-heal|p1a: Gastrodon|82/100 tox|[from] item: Leftovers\n|-damage|p1a: Gastrodon|76/100 tox|[from] psn\n|upkeep\n|turn|515\n|j| robssss\n|\n|t:|1791068505\n|switch|p2a: Heatran|Heatran, M|86/100\n|move|p1a: Gastrodon|Scald|p2a: Heatran\n|-supereffective|p2a: Heatran\n|-damage|p2a: Heatran|35/100\n|\n|-heal|p2a: Heatran|41/100|[from] Grassy Terrain\n|-heal|p1a: Gastrodon|82/100 tox|[from] Grassy Terrain\n|-heal|p1a: Gastrodon|88/100 tox|[from] item: Leftovers\n|-damage|p1a: Gastrodon|76/100 tox|[from] psn\n|upkeep\n|turn|516\n|l| robssss\n|c|\u2606memphisdepayy|vish mano\n|c| hyag0|ele quer o eruption pro corvo\n|\n|t:|1791068515\n|switch|p2a: Tornadus|Tornadus-Therian, M|100/100 brn\n|switch|p1a: Corviknight|Corviknight, F|40/100\n|-ability|p1a: Corviknight|Pressure\n|\n|-damage|p2a: Tornadus|94/100 brn|[from] brn\n|upkeep\n|turn|517\n|l| SV RIXK1_\n|c| hyag0|se ele matar o corvo ele ganha\n|\n|t:|1791068521\n|switch|p2a: Garchomp|Garchomp, F|100/100\n|switch|p1a: Toxapex|Toxapex, F|100/100\n|\n|upkeep\n|turn|518\n|j| gvasco\n|\n|t:|1791068527\n|switch|p2a: Heatran|Heatran, M|41/100\n|switch|p1a: Corviknight|Corviknight, F|40/100\n|-ability|p1a: Corviknight|Pressure\n|\n|-heal|p2a: Heatran|48/100|[from] Grassy Terrain\n|-fieldend|move: Grassy Terrain\n|upkeep\n|turn|519\n|\n|t:|1791068535\n|switch|p1a: Toxapex|Toxapex, F|100/100\n|move|p2a: Heatran|Taunt|p1a: Toxapex\n|-start|p1a: Toxapex|move: Taunt\n|\n|upkeep\n|turn|520\n|c|\u2606memphisdepayy|mds eu ia dar\n|c|\u2606memphisdepayy|bp\n|c|\u2606memphisdepayy|mkkkkkkkkk\n|\n|t:|1791068544\n|switch|p2a: Garchomp|Garchomp, F|100/100\n|switch|p1a: Gastrodon|Gastrodon-East, F, shiny|76/100 tox\n|\n|-heal|p1a: Gastrodon|82/100 tox|[from] item: Leftovers\n|-damage|p1a: Gastrodon|76/100 tox|[from] psn\n|upkeep\n|turn|521\n|j| shadowtree87\n|\n|t:|1791068549\n|switch|p2a: Rillaboom|Rillaboom, M|75/100\n|-fieldstart|move: Grassy Terrain|[from] ability: Grassy Surge|[of] p2a: Rillaboom\n|switch|p1a: Corviknight|Corviknight, F|40/100\n|-ability|p1a: Corviknight|Pressure\n|\n|-heal|p2a: Rillaboom|82/100|[from] Grassy Terrain\n|upkeep\n|turn|522\n|j| Imoral\n|\n|t:|1791068559\n|switch|p2a: Garchomp|Garchomp, F|100/100\n|switch|p1a: Gastrodon|Gastrodon-East, F, shiny|76/100 tox\n|\n|-heal|p1a: Gastrodon|82/100 tox|[from] Grassy Terrain\n|-heal|p1a: Gastrodon|88/100 tox|[from] item: Leftovers\n|-damage|p1a: Gastrodon|82/100 tox|[from] psn\n|upkeep\n|turn|523\n|\n|t:|1791068563\n|switch|p2a: Tornadus|Tornadus-Therian, M|100/100 brn\n|switch|p1a: Corviknight|Corviknight, F|40/100\n|-ability|p1a: Corviknight|Pressure\n|\n|-damage|p2a: Tornadus|94/100 brn|[from] brn\n|upkeep\n|turn|524\n|l| ankoro\n|\n|t:|1791068571\n|switch|p1a: Toxapex|Toxapex, F|100/100\n|move|p2a: Tornadus|Heat Wave|p1a: Toxapex\n|-resisted|p1a: Toxapex\n|-damage|p1a: Toxapex|91/100\n|\n|-heal|p1a: Toxapex|97/100|[from] Grassy Terrain\n|-damage|p2a: Tornadus|88/100 brn|[from] brn\n|upkeep\n|turn|525\n|\n|t:|1791068576\n|switch|p2a: Heatran|Heatran, M|48/100\n|switch|p1a: Gastrodon|Gastrodon-East, F, shiny|82/100 tox\n|\n|-heal|p2a: Heatran|54/100|[from] Grassy Terrain\n|-heal|p1a: Gastrodon|88/100 tox|[from] Grassy Terrain\n|-heal|p1a: Gastrodon|94/100 tox|[from] item: Leftovers\n|-damage|p1a: Gastrodon|88/100 tox|[from] psn\n|-fieldend|move: Grassy Terrain\n|upkeep\n|turn|526\n|l| tiger_liky\n|\n|t:|1791068581\n|switch|p2a: Rillaboom|Rillaboom, M|82/100\n|-fieldstart|move: Grassy Terrain|[from] ability: Grassy Surge|[of] p2a: Rillaboom\n|switch|p1a: Toxapex|Toxapex, F|100/100\n|\n|-heal|p2a: Rillaboom|88/100|[from] Grassy Terrain\n|upkeep\n|turn|527\n|\n|t:|1791068585\n|switch|p2a: Heatran|Heatran, M|54/100\n|switch|p1a: Gastrodon|Gastrodon-East, F, shiny|88/100 tox\n|\n|-heal|p2a: Heatran|60/100|[from] Grassy Terrain\n|-heal|p1a: Gastrodon|94/100 tox|[from] Grassy Terrain\n|-heal|p1a: Gastrodon|99/100 tox|[from] item: Leftovers\n|-damage|p1a: Gastrodon|94/100 tox|[from] psn\n|upkeep\n|turn|528\n|\n|t:|1791068593\n|switch|p2a: Tornadus|Tornadus-Therian, M|100/100 brn\n|switch|p1a: Toxapex|Toxapex, F|100/100\n|\n|-damage|p2a: Tornadus|94/100 brn|[from] brn\n|upkeep\n|turn|529\n|l| lctrem\n|\n|t:|1791068598\n|switch|p2a: Heatran|Heatran, M|60/100\n|switch|p1a: Gastrodon|Gastrodon-East, F, shiny|94/100 tox\n|\n|-heal|p2a: Heatran|66/100|[from] Grassy Terrain\n|-heal|p1a: Gastrodon|99/100 tox|[from] Grassy Terrain\n|-heal|p1a: Gastrodon|100/100 tox|[from] item: Leftovers\n|-damage|p1a: Gastrodon|94/100 tox|[from] psn\n|upkeep\n|turn|530\n|\n|t:|1791068603\n|switch|p2a: Tornadus|Tornadus-Therian, M|100/100 brn\n|switch|p1a: Toxapex|Toxapex, F|100/100\n|\n|-damage|p2a: Tornadus|94/100 brn|[from] brn\n|-fieldend|move: Grassy Terrain\n|upkeep\n|turn|531\n|\n|t:|1791068607\n|switch|p2a: Rillaboom|Rillaboom, M|88/100\n|-fieldstart|move: Grassy Terrain|[from] ability: Grassy Surge|[of] p2a: Rillaboom\n|switch|p1a: Gastrodon|Gastrodon-East, F, shiny|94/100 tox\n|\n|-heal|p2a: Rillaboom|94/100|[from] Grassy Terrain\n|-heal|p1a: Gastrodon|100/100 tox|[from] Grassy Terrain\n|-damage|p1a: Gastrodon|94/100 tox|[from] psn\n|upkeep\n|turn|532\n|\n|t:|1791068610\n|switch|p2a: Tornadus|Tornadus-Therian, M|100/100 brn\n|switch|p1a: Corviknight|Corviknight, F|40/100\n|-ability|p1a: Corviknight|Pressure\n|\n|-damage|p2a: Tornadus|94/100 brn|[from] brn\n|upkeep\n|turn|533\n|\n|t:|1791068616\n|switch|p2a: Heatran|Heatran, M|66/100\n|switch|p1a: Toxapex|Toxapex, F|100/100\n|\n|-heal|p2a: Heatran|72/100|[from] Grassy Terrain\n|upkeep\n|turn|534\n|\n|t:|1791068621\n|switch|p1a: Gastrodon|Gastrodon-East, F, shiny|94/100 tox\n|move|p2a: Heatran|Earth Power|p1a: Gastrodon\n|-damage|p1a: Gastrodon|71/100 tox\n|\n|-heal|p2a: Heatran|79/100|[from] Grassy Terrain\n|-heal|p1a: Gastrodon|77/100 tox|[from] Grassy Terrain\n|-heal|p1a: Gastrodon|83/100 tox|[from] item: Leftovers\n|-damage|p1a: Gastrodon|77/100 tox|[from] psn\n|upkeep\n|turn|535\n|\n|t:|1791068627\n|move|p2a: Heatran|Taunt|p1a: Gastrodon\n|-start|p1a: Gastrodon|move: Taunt\n|move|p1a: Gastrodon|Scald|p2a: Heatran\n|-supereffective|p2a: Heatran\n|-damage|p2a: Heatran|31/100\n|\n|-heal|p2a: Heatran|38/100|[from] Grassy Terrain\n|-heal|p1a: Gastrodon|83/100 tox|[from] Grassy Terrain\n|-heal|p1a: Gastrodon|89/100 tox|[from] item: Leftovers\n|-damage|p1a: Gastrodon|77/100 tox|[from] psn\n|-fieldend|move: Grassy Terrain\n|upkeep\n|turn|536\n|l| greninja_mdm\n|\n|t:|1791068634\n|switch|p2a: Tornadus|Tornadus-Therian, M|100/100 brn\n|switch|p1a: Toxapex|Toxapex, F|100/100\n|\n|-damage|p2a: Tornadus|94/100 brn|[from] brn\n|upkeep\n|turn|537\n|j| greninja_mdm\n|\n|t:|1791068638\n|switch|p2a: Rillaboom|Rillaboom, M|94/100\n|-fieldstart|move: Grassy Terrain|[from] ability: Grassy Surge|[of] p2a: Rillaboom\n|switch|p1a: Gastrodon|Gastrodon-East, F, shiny|77/100 tox\n|\n|-heal|p2a: Rillaboom|100/100|[from] Grassy Terrain\n|-heal|p1a: Gastrodon|83/100 tox|[from] Grassy Terrain\n|-heal|p1a: Gastrodon|89/100 tox|[from] item: Leftovers\n|-damage|p1a: Gastrodon|83/100 tox|[from] psn\n|upkeep\n|turn|538\n|\n|t:|1791068643\n|switch|p1a: Toxapex|Toxapex, F|100/100\n|-activate|p2a: Rillaboom|move: Struggle\n|move|p2a: Rillaboom|Struggle|p1a: Toxapex\n|-damage|p1a: Toxapex|88/100\n|-damage|p2a: Rillaboom|75/100|[from] recoil\n|\n|-heal|p2a: Rillaboom|82/100|[from] Grassy Terrain\n|-heal|p1a: Toxapex|94/100|[from] Grassy Terrain\n|upkeep\n|turn|539\n|\n|t:|1791068650\n|switch|p2a: Heatran|Heatran, M|38/100\n|switch|p1a: Gastrodon|Gastrodon-East, F, shiny|83/100 tox\n|\n|-heal|p2a: Heatran|44/100|[from] Grassy Terrain\n|-heal|p1a: Gastrodon|89/100 tox|[from] Grassy Terrain\n|-heal|p1a: Gastrodon|96/100 tox|[from] item: Leftovers\n|-damage|p1a: Gastrodon|89/100 tox|[from] psn\n|upkeep\n|turn|540\n|\n|t:|1791068657\n|switch|p2a: Tornadus|Tornadus-Therian, M|100/100 brn\n|switch|p1a: Toxapex|Toxapex, F|100/100\n|\n|-damage|p2a: Tornadus|94/100 brn|[from] brn\n|upkeep\n|turn|541\n|\n|t:|1791068661\n|switch|p2a: Heatran|Heatran, M|44/100\n|switch|p1a: Gastrodon|Gastrodon-East, F, shiny|89/100 tox\n|\n|-heal|p2a: Heatran|50/100|[from] Grassy Terrain\n|-heal|p1a: Gastrodon|96/100 tox|[from] Grassy Terrain\n|-heal|p1a: Gastrodon|100/100 tox|[from] item: Leftovers\n|-damage|p1a: Gastrodon|94/100 tox|[from] psn\n|-fieldend|move: Grassy Terrain\n|upkeep\n|turn|542\n|j| tyrantkingdad\n|\n|t:|1791068664\n|switch|p2a: Tornadus|Tornadus-Therian, M|100/100 brn\n|switch|p1a: Toxapex|Toxapex, F|100/100\n|\n|-damage|p2a: Tornadus|94/100 brn|[from] brn\n|upkeep\n|turn|543\n|\n|t:|1791068666\n|switch|p2a: Rillaboom|Rillaboom, M|82/100\n|-fieldstart|move: Grassy Terrain|[from] ability: Grassy Surge|[of] p2a: Rillaboom\n|switch|p1a: Gastrodon|Gastrodon-East, F, shiny|94/100 tox\n|\n|-heal|p2a: Rillaboom|88/100|[from] Grassy Terrain\n|-heal|p1a: Gastrodon|100/100 tox|[from] Grassy Terrain\n|-damage|p1a: Gastrodon|94/100 tox|[from] psn\n|upkeep\n|turn|544\n|\n|t:|1791068672\n|switch|p1a: Toxapex|Toxapex, F|100/100\n|-activate|p2a: Rillaboom|move: Struggle\n|move|p2a: Rillaboom|Struggle|p1a: Toxapex\n|-damage|p1a: Toxapex|88/100\n|-damage|p2a: Rillaboom|63/100|[from] recoil\n|\n|-heal|p2a: Rillaboom|69/100|[from] Grassy Terrain\n|-heal|p1a: Toxapex|94/100|[from] Grassy Terrain\n|upkeep\n|turn|545\n|\n|t:|1791068676\n|switch|p2a: Heatran|Heatran, M|50/100\n|switch|p1a: Gastrodon|Gastrodon-East, F, shiny|94/100 tox\n|\n|-heal|p2a: Heatran|56/100|[from] Grassy Terrain\n|-heal|p1a: Gastrodon|100/100 tox|[from] Grassy Terrain\n|-damage|p1a: Gastrodon|94/100 tox|[from] psn\n|upkeep\n|turn|546\n|\n|t:|1791068680\n|switch|p2a: Tornadus|Tornadus-Therian, M|100/100 brn\n|switch|p1a: Toxapex|Toxapex, F|100/100\n|\n|-damage|p2a: Tornadus|94/100 brn|[from] brn\n|upkeep\n|turn|547\n|\n|t:|1791068684\n|switch|p2a: Heatran|Heatran, M|56/100\n|switch|p1a: Gastrodon|Gastrodon-East, F, shiny|94/100 tox\n|\n|-heal|p2a: Heatran|62/100|[from] Grassy Terrain\n|-heal|p1a: Gastrodon|100/100 tox|[from] Grassy Terrain\n|-damage|p1a: Gastrodon|94/100 tox|[from] psn\n|-fieldend|move: Grassy Terrain\n|upkeep\n|turn|548\n|l| Frozion\n|j| Tunder\u265aboltz\n|\n|t:|1791068687\n|switch|p2a: Tornadus|Tornadus-Therian, M|100/100 brn\n|switch|p1a: Toxapex|Toxapex, F|100/100\n|\n|-damage|p2a: Tornadus|94/100 brn|[from] brn\n|upkeep\n|turn|549\n|j| Isabel \u2764 Schmitt\n|\n|t:|1791068706\n|switch|p1a: Gastrodon|Gastrodon-East, F, shiny|94/100 tox\n|move|p2a: Tornadus|Heat Wave|p1a: Gastrodon\n|-resisted|p1a: Gastrodon\n|-damage|p1a: Gastrodon|86/100 tox\n|\n|-heal|p1a: Gastrodon|93/100 tox|[from] item: Leftovers\n|-damage|p1a: Gastrodon|86/100 tox|[from] psn\n|-damage|p2a: Tornadus|88/100 brn|[from] brn\n|upkeep\n|turn|550\n|\n|t:|1791068713\n|switch|p2a: Rillaboom|Rillaboom, M|69/100\n|-fieldstart|move: Grassy Terrain|[from] ability: Grassy Surge|[of] p2a: Rillaboom\n|switch|p1a: Toxapex|Toxapex, F|100/100\n|\n|-heal|p2a: Rillaboom|75/100|[from] Grassy Terrain\n|upkeep\n|turn|551\n|\n|t:|1791068717\n|switch|p2a: Heatran|Heatran, M|62/100\n|switch|p1a: Gastrodon|Gastrodon-East, F, shiny|86/100 tox\n|\n|-heal|p2a: Heatran|69/100|[from] Grassy Terrain\n|-heal|p1a: Gastrodon|93/100 tox|[from] Grassy Terrain\n|-heal|p1a: Gastrodon|99/100 tox|[from] item: Leftovers\n|-damage|p1a: Gastrodon|93/100 tox|[from] psn\n|upkeep\n|turn|552\n|\n|t:|1791068723\n|switch|p2a: Tornadus|Tornadus-Therian, M|100/100 brn\n|switch|p1a: Toxapex|Toxapex, F|100/100\n|\n|-damage|p2a: Tornadus|94/100 brn|[from] brn\n|upkeep\n|turn|553\n|\n|t:|1791068725\n|switch|p2a: Heatran|Heatran, M|69/100\n|switch|p1a: Gastrodon|Gastrodon-East, F, shiny|93/100 tox\n|\n|-heal|p2a: Heatran|75/100|[from] Grassy Terrain\n|-heal|p1a: Gastrodon|99/100 tox|[from] Grassy Terrain\n|-heal|p1a: Gastrodon|100/100 tox|[from] item: Leftovers\n|-damage|p1a: Gastrodon|94/100 tox|[from] psn\n|upkeep\n|turn|554\n|\n|t:|1791068731\n|switch|p2a: Tornadus|Tornadus-Therian, M|100/100 brn\n|switch|p1a: Toxapex|Toxapex, F|100/100\n|\n|-damage|p2a: Tornadus|94/100 brn|[from] brn\n|-fieldend|move: Grassy Terrain\n|upkeep\n|turn|555\n|\n|t:|1791068737\n|switch|p1a: Gastrodon|Gastrodon-East, F, shiny|94/100 tox\n|move|p2a: Tornadus|Heat Wave|p1a: Gastrodon\n|-resisted|p1a: Gastrodon\n|-crit|p1a: Gastrodon\n|-damage|p1a: Gastrodon|83/100 tox\n|\n|-heal|p1a: Gastrodon|89/100 tox|[from] item: Leftovers\n|-damage|p1a: Gastrodon|83/100 tox|[from] psn\n|-damage|p2a: Tornadus|88/100 brn|[from] brn\n|upkeep\n|turn|556\n|\n|t:|1791068742\n|switch|p1a: Toxapex|Toxapex, F|100/100\n|move|p2a: Tornadus|Heat Wave|p1a: Toxapex\n|-resisted|p1a: Toxapex\n|-damage|p1a: Toxapex|92/100\n|\n|-damage|p2a: Tornadus|82/100 brn|[from] brn\n|upkeep\n|turn|557\n|j| nice report loser\n|\n|t:|1791068748\n|switch|p1a: Gastrodon|Gastrodon-East, F, shiny|83/100 tox\n|move|p2a: Tornadus|Heat Wave|p1a: Gastrodon|[miss]\n|-miss|p2a: Tornadus|p1a: Gastrodon\n|\n|-heal|p1a: Gastrodon|89/100 tox|[from] item: Leftovers\n|-damage|p1a: Gastrodon|83/100 tox|[from] psn\n|-damage|p2a: Tornadus|76/100 brn|[from] brn\n|upkeep\n|turn|558\n|\n|t:|1791068753\n|switch|p1a: Toxapex|Toxapex, F|100/100\n|move|p2a: Tornadus|Heat Wave|p1a: Toxapex\n|-resisted|p1a: Toxapex\n|-damage|p1a: Toxapex|91/100\n|\n|-damage|p2a: Tornadus|70/100 brn|[from] brn\n|upkeep\n|turn|559\n|\n|t:|1791068756\n|switch|p2a: Rillaboom|Rillaboom, M|75/100\n|-fieldstart|move: Grassy Terrain|[from] ability: Grassy Surge|[of] p2a: Rillaboom\n|switch|p1a: Gastrodon|Gastrodon-East, F, shiny|83/100 tox\n|\n|-heal|p2a: Rillaboom|82/100|[from] Grassy Terrain\n|-heal|p1a: Gastrodon|89/100 tox|[from] Grassy Terrain\n|-heal|p1a: Gastrodon|96/100 tox|[from] item: Leftovers\n|-damage|p1a: Gastrodon|89/100 tox|[from] psn\n|upkeep\n|turn|560\n|l| nice report loser\n|\n|t:|1791068762\n|switch|p2a: Heatran|Heatran, M|75/100\n|move|p1a: Gastrodon|Scald|p2a: Heatran\n|-supereffective|p2a: Heatran\n|-damage|p2a: Heatran|22/100\n|\n|-heal|p2a: Heatran|28/100|[from] Grassy Terrain\n|-heal|p1a: Gastrodon|96/100 tox|[from] Grassy Terrain\n|-heal|p1a: Gastrodon|100/100 tox|[from] item: Leftovers\n|-damage|p1a: Gastrodon|88/100 tox|[from] psn\n|upkeep\n|turn|561\n|\n|t:|1791068766\n|switch|p2a: Tornadus|Tornadus-Therian, M|100/100 brn\n|switch|p1a: Toxapex|Toxapex, F|100/100\n|\n|-damage|p2a: Tornadus|94/100 brn|[from] brn\n|upkeep\n|turn|562\n|j| rotten bullymong\n|\n|t:|1791068770\n|switch|p2a: Heatran|Heatran, M|28/100\n|switch|p1a: Gastrodon|Gastrodon-East, F, shiny|88/100 tox\n|\n|-heal|p2a: Heatran|35/100|[from] Grassy Terrain\n|-heal|p1a: Gastrodon|94/100 tox|[from] Grassy Terrain\n|-heal|p1a: Gastrodon|100/100 tox|[from] item: Leftovers\n|-damage|p1a: Gastrodon|94/100 tox|[from] psn\n|upkeep\n|turn|563\n|\n|t:|1791068773\n|switch|p2a: Tornadus|Tornadus-Therian, M|100/100 brn\n|switch|p1a: Toxapex|Toxapex, F|100/100\n|\n|-damage|p2a: Tornadus|94/100 brn|[from] brn\n|-fieldend|move: Grassy Terrain\n|upkeep\n|turn|564\n|\n|t:|1791068777\n|switch|p2a: Heatran|Heatran, M|35/100\n|switch|p1a: Gastrodon|Gastrodon-East, F, shiny|94/100 tox\n|\n|-heal|p1a: Gastrodon|100/100 tox|[from] item: Leftovers\n|-damage|p1a: Gastrodon|94/100 tox|[from] psn\n|upkeep\n|turn|565\n|\n|t:|1791068781\n|switch|p2a: Tornadus|Tornadus-Therian, M|100/100 brn\n|switch|p1a: Toxapex|Toxapex, F|100/100\n|\n|-damage|p2a: Tornadus|94/100 brn|[from] brn\n|upkeep\n|turn|566\n|\n|t:|1791068788\n|switch|p1a: Gastrodon|Gastrodon-East, F, shiny|94/100 tox\n|move|p2a: Tornadus|Heat Wave|p1a: Gastrodon\n|-resisted|p1a: Gastrodon\n|-damage|p1a: Gastrodon|86/100 tox\n|\n|-heal|p1a: Gastrodon|92/100 tox|[from] item: Leftovers\n|-damage|p1a: Gastrodon|86/100 tox|[from] psn\n|-damage|p2a: Tornadus|88/100 brn|[from] brn\n|upkeep\n|turn|567\n|\n|t:|1791068794\n|switch|p2a: Rillaboom|Rillaboom, M|82/100\n|-fieldstart|move: Grassy Terrain|[from] ability: Grassy Surge|[of] p2a: Rillaboom\n|switch|p1a: Toxapex|Toxapex, F|100/100\n|\n|-heal|p2a: Rillaboom|88/100|[from] Grassy Terrain\n|upkeep\n|turn|568\n|l| hamato miwa\n|\n|t:|1791068798\n|switch|p2a: Heatran|Heatran, M|35/100\n|switch|p1a: Gastrodon|Gastrodon-East, F, shiny|86/100 tox\n|\n|-heal|p2a: Heatran|41/100|[from] Grassy Terrain\n|-heal|p1a: Gastrodon|92/100 tox|[from] Grassy Terrain\n|-heal|p1a: Gastrodon|98/100 tox|[from] item: Leftovers\n|-damage|p1a: Gastrodon|92/100 tox|[from] psn\n|upkeep\n|turn|569\n|\n|t:|1791068810\n|switch|p2a: Tornadus|Tornadus-Therian, M|100/100 brn\n|switch|p1a: Toxapex|Toxapex, F|100/100\n|\n|-damage|p2a: Tornadus|94/100 brn|[from] brn\n|upkeep\n|turn|570\n|\n|t:|1791068814\n|switch|p2a: Heatran|Heatran, M|41/100\n|switch|p1a: Gastrodon|Gastrodon-East, F, shiny|92/100 tox\n|\n|-heal|p2a: Heatran|47/100|[from] Grassy Terrain\n|-heal|p1a: Gastrodon|98/100 tox|[from] Grassy Terrain\n|-heal|p1a: Gastrodon|100/100 tox|[from] item: Leftovers\n|-damage|p1a: Gastrodon|94/100 tox|[from] psn\n|upkeep\n|turn|571\n|\n|t:|1791068820\n|switch|p2a: Tornadus|Tornadus-Therian, M|100/100 brn\n|switch|p1a: Toxapex|Toxapex, F|100/100\n|\n|-damage|p2a: Tornadus|94/100 brn|[from] brn\n|-fieldend|move: Grassy Terrain\n|upkeep\n|turn|572\n|l|+Seyhura\n|j|+Seyhura\n|\n|t:|1791068831\n|switch|p2a: Heatran|Heatran, M|47/100\n|switch|p1a: Gastrodon|Gastrodon-East, F, shiny|94/100 tox\n|\n|-heal|p1a: Gastrodon|100/100 tox|[from] item: Leftovers\n|-damage|p1a: Gastrodon|94/100 tox|[from] psn\n|upkeep\n|turn|573\n|\n|t:|1791068836\n|switch|p2a: Tornadus|Tornadus-Therian, M|100/100 brn\n|switch|p1a: Toxapex|Toxapex, F|100/100\n|\n|-damage|p2a: Tornadus|94/100 brn|[from] brn\n|upkeep\n|turn|574\n|\n|t:|1791068839\n|switch|p2a: Heatran|Heatran, M|47/100\n|switch|p1a: Gastrodon|Gastrodon-East, F, shiny|94/100 tox\n|\n|-heal|p1a: Gastrodon|100/100 tox|[from] item: Leftovers\n|-damage|p1a: Gastrodon|94/100 tox|[from] psn\n|upkeep\n|turn|575\n|l| Cataclyismo\n|\n|t:|1791068846\n|switch|p2a: Tornadus|Tornadus-Therian, M|100/100 brn\n|switch|p1a: Toxapex|Toxapex, F|100/100\n|\n|-damage|p2a: Tornadus|94/100 brn|[from] brn\n|upkeep\n|turn|576\n|j| Cataclyismo\n|\n|t:|1791068851\n|switch|p2a: Rillaboom|Rillaboom, M|88/100\n|-fieldstart|move: Grassy Terrain|[from] ability: Grassy Surge|[of] p2a: Rillaboom\n|switch|p1a: Gastrodon|Gastrodon-East, F, shiny|94/100 tox\n|\n|-heal|p2a: Rillaboom|94/100|[from] Grassy Terrain\n|-heal|p1a: Gastrodon|100/100 tox|[from] Grassy Terrain\n|-damage|p1a: Gastrodon|94/100 tox|[from] psn\n|upkeep\n|turn|577\n|\n|t:|1791068857\n|switch|p2a: Tornadus|Tornadus-Therian, M|100/100 brn\n|switch|p1a: Toxapex|Toxapex, F|100/100\n|\n|-damage|p2a: Tornadus|94/100 brn|[from] brn\n|upkeep\n|turn|578\n|\n|t:|1791068862\n|switch|p2a: Heatran|Heatran, M|47/100\n|switch|p1a: Gastrodon|Gastrodon-East, F, shiny|94/100 tox\n|\n|-heal|p2a: Heatran|53/100|[from] Grassy Terrain\n|-heal|p1a: Gastrodon|100/100 tox|[from] Grassy Terrain\n|-damage|p1a: Gastrodon|94/100 tox|[from] psn\n|upkeep\n|turn|579\n|\n|t:|1791068865\n|switch|p2a: Tornadus|Tornadus-Therian, M|100/100 brn\n|switch|p1a: Toxapex|Toxapex, F|100/100\n|\n|-damage|p2a: Tornadus|94/100 brn|[from] brn\n|upkeep\n|turn|580\n|\n|t:|1791068867\n|switch|p2a: Heatran|Heatran, M|53/100\n|switch|p1a: Gastrodon|Gastrodon-East, F, shiny|94/100 tox\n|\n|-heal|p2a: Heatran|59/100|[from] Grassy Terrain\n|-heal|p1a: Gastrodon|100/100 tox|[from] Grassy Terrain\n|-damage|p1a: Gastrodon|94/100 tox|[from] psn\n|-fieldend|move: Grassy Terrain\n|upkeep\n|turn|581\n|\n|t:|1791068873\n|switch|p2a: Rillaboom|Rillaboom, M|94/100\n|-fieldstart|move: Grassy Terrain|[from] ability: Grassy Surge|[of] p2a: Rillaboom\n|switch|p1a: Toxapex|Toxapex, F|100/100\n|\n|-heal|p2a: Rillaboom|100/100|[from] Grassy Terrain\n|upkeep\n|turn|582\n|c| AmoMeuPaieMinhaMae|memphisdepayy memphisdepayy memphisde papapay\n|\n|t:|1791068879\n|switch|p2a: Heatran|Heatran, M|59/100\n|switch|p1a: Gastrodon|Gastrodon-East, F, shiny|94/100 tox\n|\n|-heal|p2a: Heatran|66/100|[from] Grassy Terrain\n|-heal|p1a: Gastrodon|100/100 tox|[from] Grassy Terrain\n|-damage|p1a: Gastrodon|94/100 tox|[from] psn\n|upkeep\n|turn|583\n|c|\u2606memphisdepayy|oi\n|\n|t:|1791068884\n|switch|p2a: Tornadus|Tornadus-Therian, M|100/100 brn\n|switch|p1a: Toxapex|Toxapex, F|100/100\n|\n|-damage|p2a: Tornadus|94/100 brn|[from] brn\n|upkeep\n|turn|584\n|c| AmoMeuPaieMinhaMae|torcendo por vc so\n|\n|t:|1791068889\n|switch|p1a: Gastrodon|Gastrodon-East, F, shiny|94/100 tox\n|move|p2a: Tornadus|Heat Wave|p1a: Gastrodon\n|-resisted|p1a: Gastrodon\n|-damage|p1a: Gastrodon|87/100 tox\n|\n|-heal|p1a: Gastrodon|93/100 tox|[from] Grassy Terrain\n|-heal|p1a: Gastrodon|99/100 tox|[from] item: Leftovers\n|-damage|p1a: Gastrodon|93/100 tox|[from] psn\n|-damage|p2a: Tornadus|88/100 brn|[from] brn\n|upkeep\n|turn|585\n|\n|t:|1791068893\n|switch|p1a: Toxapex|Toxapex, F|100/100\n|move|p2a: Tornadus|Heat Wave|p1a: Toxapex\n|-resisted|p1a: Toxapex\n|-damage|p1a: Toxapex|92/100\n|\n|-heal|p1a: Toxapex|98/100|[from] Grassy Terrain\n|-damage|p2a: Tornadus|82/100 brn|[from] brn\n|-fieldend|move: Grassy Terrain\n|upkeep\n|turn|586\n|l| Tunder\u265aboltz\n|\n|t:|1791068898\n|switch|p1a: Gastrodon|Gastrodon-East, F, shiny|93/100 tox\n|move|p2a: Tornadus|Heat Wave|p1a: Gastrodon\n|-resisted|p1a: Gastrodon\n|-damage|p1a: Gastrodon|85/100 tox\n|\n|-heal|p1a: Gastrodon|92/100 tox|[from] item: Leftovers\n|-damage|p1a: Gastrodon|85/100 tox|[from] psn\n|-damage|p2a: Tornadus|76/100 brn|[from] brn\n|upkeep\n|turn|587\n|j| hamato miwa\n|\n|t:|1791068908\n|switch|p2a: Garchomp|Garchomp, F|100/100\n|move|p1a: Gastrodon|Scald|p2a: Garchomp\n|-damage|p2a: Garchomp|84/100\n|\n|-heal|p2a: Garchomp|90/100|[from] item: Leftovers\n|-heal|p1a: Gastrodon|92/100 tox|[from] item: Leftovers\n|-damage|p1a: Gastrodon|79/100 tox|[from] psn\n|upkeep\n|turn|588\n|\n|t:|1791068914\n|switch|p2a: Heatran|Heatran, M|66/100\n|switch|p1a: Corviknight|Corviknight, F|40/100\n|-ability|p1a: Corviknight|Pressure\n|\n|upkeep\n|turn|589\n|l| rotten bullymong\n|\n|t:|1791068921\n|switch|p1a: Toxapex|Toxapex, F|100/100\n|move|p2a: Heatran|Earth Power|p1a: Toxapex\n|-supereffective|p1a: Toxapex\n|-damage|p1a: Toxapex|48/100\n|-unboost|p1a: Toxapex|spd|1\n|\n|upkeep\n|turn|590\n|\n|t:|1791068927\n|switch|p1a: Gastrodon|Gastrodon-East, F, shiny|79/100 tox\n|move|p2a: Heatran|Eruption|p1a: Gastrodon\n|-resisted|p1a: Gastrodon\n|-damage|p1a: Gastrodon|61/100 tox\n|\n|-heal|p1a: Gastrodon|67/100 tox|[from] item: Leftovers\n|-damage|p1a: Gastrodon|61/100 tox|[from] psn\n|upkeep\n|turn|591\n|\n|t:|1791068934\n|switch|p2a: Garchomp|Garchomp, F|90/100\n|move|p1a: Gastrodon|Scald|p2a: Garchomp\n|-damage|p2a: Garchomp|73/100\n|\n|-heal|p2a: Garchomp|79/100|[from] item: Leftovers\n|-heal|p1a: Gastrodon|67/100 tox|[from] item: Leftovers\n|-damage|p1a: Gastrodon|55/100 tox|[from] psn\n|upkeep\n|turn|592\n|\n|t:|1791068939\n|switch|p1a: Corviknight|Corviknight, F|40/100\n|-ability|p1a: Corviknight|Pressure\n|move|p2a: Garchomp|Earthquake|p1a: Corviknight\n|-immune|p1a: Corviknight\n|\n|-heal|p2a: Garchomp|85/100|[from] item: Leftovers\n|upkeep\n|turn|593\n|\n|t:|1791068946\n|switch|p2a: Heatran|Heatran, M|66/100\n|switch|p1a: Toxapex|Toxapex, F|82/100\n|\n|upkeep\n|turn|594\n|inactive|Dugtrio Is Broken has 120 seconds left.\n|\n|t:|1791068966\n|move|p2a: Heatran|Taunt|p1a: Toxapex\n|-start|p1a: Toxapex|move: Taunt\n|cant|p1a: Toxapex|move: Taunt|Block\n|\n|upkeep\n|turn|595\n|\n|t:|1791068979\n|move|p2a: Heatran|Taunt||[still]\n|-fail|p2a: Heatran\n|-activate|p1a: Toxapex|move: Struggle\n|move|p1a: Toxapex|Struggle|p2a: Heatran\n|-damage|p2a: Heatran|58/100\n|-damage|p1a: Toxapex|57/100|[from] recoil\n|\n|upkeep\n|turn|596\n|\n|t:|1791068984\n|switch|p1a: Gastrodon|Gastrodon-East, F, shiny|55/100 tox\n|move|p2a: Heatran|Taunt|p1a: Gastrodon\n|-start|p1a: Gastrodon|move: Taunt\n|\n|-heal|p1a: Gastrodon|61/100 tox|[from] item: Leftovers\n|-damage|p1a: Gastrodon|55/100 tox|[from] psn\n|upkeep\n|turn|597\n|l| volchris\n|\n|t:|1791068994\n|switch|p2a: Garchomp|Garchomp, F|85/100\n|switch|p1a: Toxapex|Toxapex, F|90/100\n|\n|-heal|p2a: Garchomp|91/100|[from] item: Leftovers\n|upkeep\n|turn|598\n|l| Drugsdrugs\n|\n|t:|1791069001\n|switch|p2a: Heatran|Heatran, M|58/100\n|switch|p1a: Corviknight|Corviknight, F|40/100\n|-ability|p1a: Corviknight|Pressure\n|\n|upkeep\n|turn|599\n|\n|t:|1791069008\n|switch|p2a: Garchomp|Garchomp, F|91/100\n|switch|p1a: Toxapex|Toxapex, F|100/100\n|\n|-heal|p2a: Garchomp|98/100|[from] item: Leftovers\n|upkeep\n|bigerror|You will auto-tie if the battle doesn't end in 400 turns (on turn 1000).\n|-hint|If you want to tie earlier, consider using `/offertie`.\n|turn|600\n|\n|t:|1791069017\n|switch|p2a: Rillaboom|Rillaboom, M|100/100\n|-fieldstart|move: Grassy Terrain|[from] ability: Grassy Surge|[of] p2a: Rillaboom\n|switch|p1a: Corviknight|Corviknight, F|40/100\n|-ability|p1a: Corviknight|Pressure\n|\n|upkeep\n|turn|601\n|c| o opala branco|resenha\n|l| anos luz\n|\n|t:|1791069024\n|switch|p1a: Toxapex|Toxapex, F|100/100\n|-activate|p2a: Rillaboom|move: Struggle\n|move|p2a: Rillaboom|Struggle|p1a: Toxapex\n|-damage|p1a: Toxapex|87/100\n|-damage|p2a: Rillaboom|75/100|[from] recoil\n|\n|-heal|p2a: Rillaboom|82/100|[from] Grassy Terrain\n|-heal|p1a: Toxapex|93/100|[from] Grassy Terrain\n|upkeep\n|turn|602\n|\n|t:|1791069029\n|-activate|p2a: Rillaboom|move: Struggle\n|move|p2a: Rillaboom|Struggle|p1a: Toxapex\n|-damage|p1a: Toxapex|81/100\n|-damage|p2a: Rillaboom|57/100|[from] recoil\n|move|p1a: Toxapex|Block|p2a: Rillaboom\n|-activate|p2a: Rillaboom|trapped\n|\n|-heal|p2a: Rillaboom|63/100|[from] Grassy Terrain\n|-heal|p1a: Toxapex|87/100|[from] Grassy Terrain\n|upkeep\n|turn|603\n|\n|t:|1791069033\n|-activate|p2a: Rillaboom|move: Struggle\n|move|p2a: Rillaboom|Struggle|p1a: Toxapex\n|-damage|p1a: Toxapex|74/100\n|-damage|p2a: Rillaboom|38/100|[from] recoil\n|move|p1a: Toxapex|Block||[still]\n|-fail|p1a: Toxapex\n|\n|-heal|p2a: Rillaboom|44/100|[from] Grassy Terrain\n|-heal|p1a: Toxapex|80/100|[from] Grassy Terrain\n|upkeep\n|turn|604\n|\n|t:|1791069036\n|-activate|p2a: Rillaboom|move: Struggle\n|move|p2a: Rillaboom|Struggle|p1a: Toxapex\n|-damage|p1a: Toxapex|67/100\n|-damage|p2a: Rillaboom|19/100|[from] recoil\n|move|p1a: Toxapex|Block||[still]\n|-fail|p1a: Toxapex\n|\n|-heal|p2a: Rillaboom|25/100|[from] Grassy Terrain\n|-heal|p1a: Toxapex|73/100|[from] Grassy Terrain\n|-fieldend|move: Grassy Terrain\n|upkeep\n|turn|605\n|j| rotten bullymong\n|\n|t:|1791069048\n|switch|p1a: Corviknight|Corviknight, F|40/100\n|-ability|p1a: Corviknight|Pressure\n|-activate|p2a: Rillaboom|move: Struggle\n|move|p2a: Rillaboom|Struggle|p1a: Corviknight\n|-damage|p1a: Corviknight|27/100\n|-damage|p2a: Rillaboom|0 fnt|[from] recoil\n|faint|p2a: Rillaboom\n|\n|upkeep\n|\n|t:|1791069057\n|switch|p2a: Heatran|Heatran, M|58/100\n|turn|606\n|inactive|Dugtrio Is Broken has 90 seconds left.\n|\n|t:|1791069081\n|switch|p1a: Toxapex|Toxapex, F|100/100\n|move|p2a: Heatran|Eruption|p1a: Toxapex\n|-resisted|p1a: Toxapex\n|-damage|p1a: Toxapex|81/100\n|\n|upkeep\n|turn|607\n|\n|t:|1791069089\n|switch|p2a: Melmetal|Melmetal|99/100\n|switch|p1a: Gastrodon|Gastrodon-East, F, shiny|55/100 tox\n|\n|-heal|p2a: Melmetal|100/100|[from] item: Leftovers\n|-heal|p1a: Gastrodon|61/100 tox|[from] item: Leftovers\n|-damage|p1a: Gastrodon|55/100 tox|[from] psn\n|upkeep\n|turn|608\n|l| greninja_mdm\n|c| hyag0|turno 600\n|\n|t:|1791069094\n|move|p2a: Melmetal|Substitute|p2a: Melmetal\n|-start|p2a: Melmetal|Substitute\n|-damage|p2a: Melmetal|76/100\n|move|p1a: Gastrodon|Recover|p1a: Gastrodon\n|-heal|p1a: Gastrodon|100/100 tox\n|\n|-heal|p2a: Melmetal|82/100|[from] item: Leftovers\n|-damage|p1a: Gastrodon|88/100 tox|[from] psn\n|upkeep\n|turn|609\n|j| greninja_mdm\n|\n|t:|1791069099\n|switch|p1a: Toxapex|Toxapex, F|100/100\n|move|p2a: Melmetal|Thunder Punch|p1a: Toxapex\n|-supereffective|p1a: Toxapex\n|-damage|p1a: Toxapex|54/100\n|-status|p1a: Toxapex|par\n|\n|-heal|p2a: Melmetal|88/100|[from] item: Leftovers\n|upkeep\n|turn|610\n|j| NinjaCaro\n|inactive|Dugtrio Is Broken has 90 seconds left.\n|\n|t:|1791069108\n|switch|p1a: Gastrodon|Gastrodon-East, F, shiny|88/100 tox\n|move|p2a: Melmetal|Thunder Punch|p1a: Gastrodon\n|-immune|p1a: Gastrodon\n|\n|-heal|p2a: Melmetal|94/100|[from] item: Leftovers\n|-heal|p1a: Gastrodon|94/100 tox|[from] item: Leftovers\n|-damage|p1a: Gastrodon|88/100 tox|[from] psn\n|upkeep\n|turn|611\n|\n|t:|1791069113\n|switch|p1a: Toxapex|Toxapex, F|88/100 par\n|move|p2a: Melmetal|Thunder Punch|p1a: Toxapex\n|-supereffective|p1a: Toxapex\n|-damage|p1a: Toxapex|39/100 par\n|\n|-heal|p2a: Melmetal|99/100|[from] item: Leftovers\n|upkeep\n|turn|612\n|\n|t:|1791069116\n|switch|p1a: Gastrodon|Gastrodon-East, F, shiny|88/100 tox\n|move|p2a: Melmetal|Substitute|p2a: Melmetal\n|-fail|p2a: Melmetal|move: Substitute\n|\n|-heal|p2a: Melmetal|100/100|[from] item: Leftovers\n|-heal|p1a: Gastrodon|94/100 tox|[from] item: Leftovers\n|-damage|p1a: Gastrodon|88/100 tox|[from] psn\n|upkeep\n|turn|613\n|\n|t:|1791069119\n|switch|p1a: Toxapex|Toxapex, F|72/100 par\n|move|p2a: Melmetal|Thunder Punch|p1a: Toxapex\n|-supereffective|p1a: Toxapex\n|-damage|p1a: Toxapex|25/100 par\n|\n|upkeep\n|turn|614\n|l| hamato miwa\n|\n|t:|1791069122\n|switch|p1a: Gastrodon|Gastrodon-East, F, shiny|88/100 tox\n|move|p2a: Melmetal|Substitute|p2a: Melmetal\n|-fail|p2a: Melmetal|move: Substitute\n|\n|-heal|p1a: Gastrodon|94/100 tox|[from] item: Leftovers\n|-damage|p1a: Gastrodon|88/100 tox|[from] psn\n|upkeep\n|turn|615\n|\n|t:|1791069126\n|switch|p1a: Toxapex|Toxapex, F|58/100 par\n|move|p2a: Melmetal|Thunder Punch|p1a: Toxapex\n|-supereffective|p1a: Toxapex\n|-damage|p1a: Toxapex|9/100 par\n|\n|upkeep\n|turn|616\n|\n|t:|1791069129\n|switch|p1a: Gastrodon|Gastrodon-East, F, shiny|88/100 tox\n|move|p2a: Melmetal|Substitute|p2a: Melmetal\n|-fail|p2a: Melmetal|move: Substitute\n|\n|-heal|p1a: Gastrodon|94/100 tox|[from] item: Leftovers\n|-damage|p1a: Gastrodon|88/100 tox|[from] psn\n|upkeep\n|turn|617\n|\n|t:|1791069136\n|move|p2a: Melmetal|Substitute|p2a: Melmetal\n|-fail|p2a: Melmetal|move: Substitute\n|move|p1a: Gastrodon|Scald|p2a: Melmetal\n|-activate|p2a: Melmetal|move: Substitute|[damage]\n|\n|-heal|p1a: Gastrodon|94/100 tox|[from] item: Leftovers\n|-damage|p1a: Gastrodon|82/100 tox|[from] psn\n|upkeep\n|turn|618\n|j| jl1610\n|\n|t:|1791069140\n|move|p2a: Melmetal|Substitute|p2a: Melmetal\n|-fail|p2a: Melmetal|move: Substitute\n|move|p1a: Gastrodon|Scald|p2a: Melmetal\n|-end|p2a: Melmetal|Substitute\n|\n|-heal|p1a: Gastrodon|88/100 tox|[from] item: Leftovers\n|-damage|p1a: Gastrodon|70/100 tox|[from] psn\n|upkeep\n|turn|619\n|l| SABOR SIX SEVEN\n|\n|t:|1791069144\n|move|p2a: Melmetal|Thunder Punch|p1a: Gastrodon\n|-immune|p1a: Gastrodon\n|move|p1a: Gastrodon|Scald|p2a: Melmetal\n|-damage|p2a: Melmetal|77/100\n|\n|-heal|p2a: Melmetal|83/100|[from] item: Leftovers\n|-heal|p1a: Gastrodon|76/100 tox|[from] item: Leftovers\n|-damage|p1a: Gastrodon|52/100 tox|[from] psn\n|upkeep\n|turn|620\n|c| hyag0|acabaaaa scald\n|\n|t:|1791069155\n|switch|p2a: Heatran|Heatran, M|58/100\n|switch|p1a: Toxapex|Toxapex, F|42/100 par\n|\n|upkeep\n|turn|621\n|\n|t:|1791069160\n|switch|p1a: Gastrodon|Gastrodon-East, F, shiny|52/100 tox\n|move|p2a: Heatran|Taunt|p1a: Gastrodon\n|-start|p1a: Gastrodon|move: Taunt\n|\n|-heal|p1a: Gastrodon|58/100 tox|[from] item: Leftovers\n|-damage|p1a: Gastrodon|52/100 tox|[from] psn\n|upkeep\n|turn|622\n|\n|t:|1791069168\n|switch|p1a: Toxapex|Toxapex, F|76/100 par\n|move|p2a: Heatran|Taunt|p1a: Toxapex\n|-start|p1a: Toxapex|move: Taunt\n|\n|upkeep\n|turn|623\n|\n|t:|1791069171\n|switch|p1a: Gastrodon|Gastrodon-East, F, shiny|52/100 tox\n|move|p2a: Heatran|Eruption|p1a: Gastrodon\n|-resisted|p1a: Gastrodon\n|-damage|p1a: Gastrodon|34/100 tox\n|\n|-heal|p1a: Gastrodon|40/100 tox|[from] item: Leftovers\n|-damage|p1a: Gastrodon|34/100 tox|[from] psn\n|upkeep\n|turn|624\n|\n|t:|1791069175\n|move|p2a: Heatran|Taunt|p1a: Gastrodon\n|-start|p1a: Gastrodon|move: Taunt\n|cant|p1a: Gastrodon|move: Taunt|Recover\n|\n|-heal|p1a: Gastrodon|40/100 tox|[from] item: Leftovers\n|-damage|p1a: Gastrodon|28/100 tox|[from] psn\n|upkeep\n|turn|625\n|\n|t:|1791069181\n|switch|p1a: Corviknight|Corviknight, F|27/100\n|-ability|p1a: Corviknight|Pressure\n|move|p2a: Heatran|Taunt|p1a: Corviknight\n|-start|p1a: Corviknight|move: Taunt\n|\n|upkeep\n|turn|626\n|\n|t:|1791069187\n|switch|p1a: Toxapex|Toxapex, F|100/100 par\n|move|p2a: Heatran|Taunt|p1a: Toxapex\n|-start|p1a: Toxapex|move: Taunt\n|\n|upkeep\n|turn|627\n|\n|t:|1791069191\n|switch|p1a: Gastrodon|Gastrodon-East, F, shiny|28/100 tox\n|move|p2a: Heatran|Taunt|p1a: Gastrodon\n|-start|p1a: Gastrodon|move: Taunt\n|\n|-heal|p1a: Gastrodon|34/100 tox|[from] item: Leftovers\n|-damage|p1a: Gastrodon|28/100 tox|[from] psn\n|upkeep\n|turn|628\n|\n|t:|1791069197\n|switch|p1a: Toxapex|Toxapex, F|100/100 par\n|move|p2a: Heatran|Eruption|p1a: Toxapex\n|-resisted|p1a: Toxapex\n|-damage|p1a: Toxapex|81/100 par\n|\n|upkeep\n|turn|629\n|\n|t:|1791069200\n|switch|p1a: Corviknight|Corviknight, F|27/100\n|-ability|p1a: Corviknight|Pressure\n|move|p2a: Heatran|Taunt|p1a: Corviknight\n|-start|p1a: Corviknight|move: Taunt\n|\n|upkeep\n|turn|630\n|\n|t:|1791069208\n|switch|p1a: Toxapex|Toxapex, F|100/100 par\n|move|p2a: Heatran|Taunt|p1a: Toxapex\n|-start|p1a: Toxapex|move: Taunt\n|\n|upkeep\n|turn|631\n|inactive|Dugtrio Is Broken has 90 seconds left.\n|l| rotten bullymong\n|c|\u2606Dugtrio Is Broken|Empate turno mil ou agr?\n|j| rotten bullymong\n|c|\u2606memphisdepayy|agora\n|c| o opala branco|mil\nDugtrio Is Broken is offering a tie.\n|c| Mattz_|//offertie\n|l| M10_delas\nmemphisdepayy accepted the tie.\n|\n|tie\n|l| rotten bullymong\n|c|\u2606Dugtrio Is Broken|G_G\n|c|+Seyhura|Gg\n|c| notlena|yay\n|l| notlena\n|l| Imoral\n|l|~ken\n|j| Tunder\u265aboltz\n|c|\u2606memphisdepayy|oq acontece\n|l| jl1610\n|c|\u2606memphisdepayy|agora\n|l| gvasco\n|c|\u2606memphisdepayy|?\n|c| golpista|nada\n|c| golpista|nem tour tinha mais\n|c|\u2606Dugtrio Is Broken|Agora eu vou tomar banho e vc vai jantar\n|c|\u2606memphisdepayy|KKKKKKKKKKKK\n|c|\u2606Dugtrio Is Broken|\u00c9 isso q acontece\n|l| fortnitefanatic69\n|c| golpista|quando o server reiniciou o tour morreu\n|c|\u2606Dugtrio Is Broken|Kkkkkkkkkkkkkkkkkkkkkkkkk\n|l| goatzn\n|c|\u2606memphisdepayy|Tnc\n|l| you empty\n|c| golpista|so ficou a battle mesmo\n|l|+35Q71N\n|l| AmoMeuPaieMinhaMae\n|l| Tunder\u265aboltz\n|l| Isabel \u2764 Schmitt\n|l| mikubeam67667\n|l| hyperium1233\n|l|\u2606memphisdepayy\n|player|p1|\n|l| Cataclyismo\n|l| tyrantkingdad\n|j| Camalarcos\n|j| M10_delas\n|j| Sales The Loyal\n|l| Camalarcos\n|l| NinjaCaro\n|j| rotten bullymong\n|l| M10_delas\n|j| mymiisam\n|l| rotten bullymong\n|j| gvasco\n|l| gvasco\n|l| hyag0\n|l| sagazinha\n|l| greninja_mdm\n|j| Camalarcos\n|j| greninja_mdm\n|l| mymiisam\n|l| The Hisui Region\n|l| sussaix\n|l| greninja_mdm\n|l| KyogreLoverVGC\n|j| pretoru\n|l| Camalarcos\n|l| SouCarlos\n|l| pretoru\n|l| oopalabranco\n|l| shadowtree87\n|l| Mattz_\n|l|+Seyhura\n|j|+Seyhura\n|j| magelyss\n|c| magelyss|DIB I LOVE YOU\n|j| hamato miwa\n|l| hamato miwa\n|l| magelyss\n|l| RiloBR\n|j| RiloBR\n|l| RiloBR\n|j| tiger_liky\n|l| tiger_liky\n|l|+Seyhura\n|j|+Seyhura\n|l| Sales The Loyal\n|l| Eden-soul \u30cd\u30aa\n|j| Sales The Loyal\n|l| Sales The Loyal\n|j| SouCarlos\n|l| SouCarlos\n|l| amogusroxyrrrr\n|j| Litterature\n|l| Shwaky\n|l| lealleallegal\n|j| Gothicist\n|l| Litterature\n|l| Gothicist\n|j| Gothicist\n|l| Gothicist\n|l| hxmo \u2764\ufe0e\n|j| shadowtree87\n|l| shadowtree87\n|n|\u2606Dugtrio Is Broken@!|dugtrioisbroken\n|l| golpista\n|j| gvasco\n|l| gvasco\n|l|+Seyhura\n|j| LFGamer2009\n|n|\u2606Dugtrio Is Broken|dugtrioisbroken\n", "uploadtime": 1791067817, "views": "99", "formatid": "gen8ou", "rating": null, "private": 0, "password": null}