{"id": "gen8ou-2691919178", "format": "[Gen 8] OU", "players": ["its a game chill", "ajhdgfaywshjd"], "log": "|j|\u2606its a game chill\n|j|\u2606ajhdgfaywshjd\n|t:|1790984436\n|gametype|singles\n|player|p1|its a game chill|102|1221\n|player|p2|ajhdgfaywshjd|265|1180\n|gen|8\n|tier|[Gen 8] OU\n|rated|\n|rule|HP Percentage Mod: HP is shown in percentages\n|rule|Endless Battle Clause: Forcing endless battles is banned\n|rule|Sleep Clause Mod: Limit one foe put to sleep\n|rule|Species Clause: Limit one of each Pok\u00e9mon\n|rule|OHKO Clause: OHKO moves are banned\n|rule|Evasion Items Clause: Evasion items are banned\n|rule|Evasion Moves Clause: Evasion moves are banned\n|rule|Dynamax Clause: You cannot dynamax\n|clearpoke\n|poke|p1|Tyranitar, M|\n|poke|p1|Ninetales-Alola, F|\n|poke|p1|Zapdos|\n|poke|p1|Tapu Bulu|\n|poke|p1|Dracozolt|\n|poke|p1|Arctozolt|\n|poke|p2|Mew|\n|poke|p2|Weavile, M|\n|poke|p2|Celesteela|\n|poke|p2|Garchomp, M|\n|poke|p2|Blacephalon|\n|poke|p2|Crawdaunt, M|\n|teampreview\n|inactive|Battle timer is ON: inactive players will automatically lose when time's up. (requested by its a game chill)\n|\n|t:|1790984453\n|teamsize|p1|6\n|teamsize|p2|6\n|start\n|switch|p1a: Dr. Stone|Tyranitar, M|100/100\n|switch|p2a: Mew|Mew, shiny|100/100\n|-weather|Sandstorm|[from] ability: Sand Stream|[of] p1a: Dr. Stone\n|turn|1\n|\n|t:|1790984476\n|switch|p1a: Sin.|Dracozolt|100/100\n|move|p2a: Mew|Taunt|p1a: Sin.\n|-start|p1a: Sin.|move: Taunt\n|\n|-weather|Sandstorm|[upkeep]\n|-damage|p2a: Mew|94/100|[from] Sandstorm\n|upkeep\n|turn|2\n|\n|t:|1790984482\n|move|p1a: Sin.|Outrage|p2a: Mew\n|-damage|p2a: Mew|20/100\n|move|p2a: Mew|Stealth Rock|p1a: Sin.\n|-sidestart|p1: its a game chill|move: Stealth Rock\n|\n|-weather|Sandstorm|[upkeep]\n|-damage|p2a: Mew|14/100|[from] Sandstorm\n|upkeep\n|turn|3\n|\n|t:|1790984491\n|move|p1a: Sin.|Outrage|p2a: Mew|[from] lockedmove\n|-damage|p2a: Mew|0 fnt\n|faint|p2a: Mew\n|\n|-weather|Sandstorm|[upkeep]\n|-end|p1a: Sin.|move: Taunt\n|upkeep\n|inactive|ajhdgfaywshjd has 120 seconds left.\n|\n|t:|1790984531\n|switch|p2a: Weavile|Weavile, M, shiny|100/100\n|-ability|p2a: Weavile|Pressure\n|turn|4\n|\n|t:|1790984540\n|move|p1a: Sin.|Outrage|p2a: Weavile|[from] lockedmove\n|-damage|p2a: Weavile|0 fnt\n|faint|p2a: Weavile\n|-start|p1a: Sin.|confusion|[fatigue]\n|\n|-weather|Sandstorm|[upkeep]\n|upkeep\n|inactive|ajhdgfaywshjd has 120 seconds left.\n|\n|t:|1790984552\n|switch|p2a: Blacephalon|Blacephalon, shiny|100/100\n|turn|5\n|inactive|its a game chill has 120 seconds left.\n|\n|t:|1790984583\n|switch|p1a: Dr. Stone|Tyranitar, M|100/100\n|-damage|p1a: Dr. Stone|88/100|[from] Stealth Rock\n|move|p2a: Blacephalon|Trick|p1a: Dr. Stone\n|-activate|p2a: Blacephalon|move: Trick|[of] p1a: Dr. Stone\n|-item|p1a: Dr. Stone|Choice Scarf|[from] move: Trick\n|-item|p2a: Blacephalon|Leftovers|[from] move: Trick\n|\n|-weather|none\n|upkeep\n|turn|6\n|inactive|its a game chill has 120 seconds left.\n|inactive|ajhdgfaywshjd has 120 seconds left.\n|\n|t:|1790984604\n|switch|p2a: Garchomp|Garchomp, M, shiny|100/100\n|move|p1a: Dr. Stone|Stealth Rock|p2a: Garchomp\n|-sidestart|p2: ajhdgfaywshjd|move: Stealth Rock\n|\n|upkeep\n|turn|7\n|inactive|its a game chill has 120 seconds left.\n|inactive|ajhdgfaywshjd has 120 seconds left.\n|\n|t:|1790984618\n|switch|p1a: The Archbishop|Tapu Bulu|100/100\n|-damage|p1a: The Archbishop|88/100|[from] Stealth Rock\n|-fieldstart|move: Grassy Terrain|[from] ability: Grassy Surge|[of] p1a: The Archbishop\n|move|p2a: Garchomp|Scale Shot|p1a: The Archbishop\n|-immune|p1a: The Archbishop\n|\n|-heal|p1a: The Archbishop|94/100|[from] Grassy Terrain\n|upkeep\n|turn|8\n|\n|t:|1790984627\n|switch|p2a: Celesteela|Celesteela, shiny|100/100\n|-damage|p2a: Celesteela|88/100|[from] Stealth Rock\n|move|p1a: The Archbishop|Leech Seed|p2a: Celesteela\n|-start|p2a: Celesteela|move: Leech Seed\n|\n|-heal|p1a: The Archbishop|99/100|[from] Grassy Terrain\n|-damage|p2a: Celesteela|75/100|[from] Leech Seed|[of] p1a: The Archbishop\n|-heal|p1a: The Archbishop|100/100|[silent]\n|upkeep\n|turn|9\n|\n|t:|1790984637\n|switch|p1a: Dr. Stone|Tyranitar, M|88/100\n|-damage|p1a: Dr. Stone|76/100|[from] Stealth Rock\n|-weather|Sandstorm|[from] ability: Sand Stream|[of] p1a: Dr. Stone\n|move|p2a: Celesteela|Autotomize|p2a: Celesteela\n|-boost|p2a: Celesteela|spe|2\n|-start|p2a: Celesteela|Autotomize\n|\n|-weather|Sandstorm|[upkeep]\n|-heal|p1a: Dr. Stone|82/100|[from] Grassy Terrain\n|-damage|p2a: Celesteela|63/100|[from] Leech Seed|[of] p1a: Dr. Stone\n|-heal|p1a: Dr. Stone|94/100|[silent]\n|upkeep\n|turn|10\n|\n|t:|1790984646\n|switch|p2a: Garchomp|Garchomp, M, shiny|100/100\n|-damage|p2a: Garchomp|94/100|[from] Stealth Rock\n|move|p1a: Dr. Stone|Fire Blast|p2a: Garchomp\n|-resisted|p2a: Garchomp\n|-damage|p2a: Garchomp|76/100\n|\n|-weather|Sandstorm|[upkeep]\n|-heal|p2a: Garchomp|82/100|[from] Grassy Terrain\n|-heal|p1a: Dr. Stone|100/100|[from] Grassy Terrain\n|upkeep\n|turn|11\n|\n|t:|1790984654\n|switch|p1a: Lady Frost|Ninetales-Alola, F|100/100\n|-weather|Hail|[from] ability: Snow Warning|[of] p1a: Lady Frost\n|move|p2a: Garchomp|Fire Fang|p1a: Lady Frost\n|-supereffective|p1a: Lady Frost\n|-damage|p1a: Lady Frost|21/100\n|\n|-weather|Hail|[upkeep]\n|-damage|p2a: Garchomp|76/100|[from] Hail\n|-heal|p1a: Lady Frost|27/100|[from] Grassy Terrain\n|-heal|p2a: Garchomp|82/100|[from] Grassy Terrain\n|-fieldend|move: Grassy Terrain\n|upkeep\n|turn|12\n|\n|t:|1790984666\n|switch|p2a: Celesteela|Celesteela, shiny|63/100\n|-damage|p2a: Celesteela|50/100|[from] Stealth Rock\n|move|p1a: Lady Frost|Aurora Veil|p1a: Lady Frost\n|-sidestart|p1: its a game chill|move: Aurora Veil\n|\n|-weather|Hail|[upkeep]\n|-damage|p2a: Celesteela|44/100|[from] Hail\n|upkeep\n|turn|13\n|\n|t:|1790984676\n|switch|p1a: Dr. Stone|Tyranitar, M|100/100\n|-damage|p1a: Dr. Stone|88/100|[from] Stealth Rock\n|-weather|Sandstorm|[from] ability: Sand Stream|[of] p1a: Dr. Stone\n|move|p2a: Celesteela|Flamethrower|p1a: Dr. Stone\n|-resisted|p1a: Dr. Stone\n|-damage|p1a: Dr. Stone|84/100\n|\n|-weather|Sandstorm|[upkeep]\n|upkeep\n|turn|14\n|\n|t:|1790984687\n|switch|p2a: Garchomp|Garchomp, M, shiny|82/100\n|-damage|p2a: Garchomp|76/100|[from] Stealth Rock\n|move|p1a: Dr. Stone|Ice Beam|p2a: Garchomp\n|-supereffective|p2a: Garchomp\n|-damage|p2a: Garchomp|0 fnt\n|faint|p2a: Garchomp\n|\n|-weather|Sandstorm|[upkeep]\n|upkeep\n|\n|t:|1790984694\n|switch|p2a: Crawdaunt|Crawdaunt, M, shiny|100/100\n|-damage|p2a: Crawdaunt|88/100|[from] Stealth Rock\n|turn|15\n|\n|t:|1790984701\n|switch|p1a: The Archbishop|Tapu Bulu|100/100\n|-damage|p1a: The Archbishop|88/100|[from] Stealth Rock\n|-fieldstart|move: Grassy Terrain|[from] ability: Grassy Surge|[of] p1a: The Archbishop\n|move|p2a: Crawdaunt|Swords Dance|p2a: Crawdaunt\n|-boost|p2a: Crawdaunt|atk|2\n|\n|-weather|Sandstorm|[upkeep]\n|-damage|p2a: Crawdaunt|82/100|[from] Sandstorm\n|-damage|p1a: The Archbishop|82/100|[from] Sandstorm\n|-heal|p2a: Crawdaunt|88/100|[from] Grassy Terrain\n|-heal|p1a: The Archbishop|88/100|[from] Grassy Terrain\n|upkeep\n|turn|16\n|\n|t:|1790984712\n|move|p2a: Crawdaunt|Crabhammer|p1a: The Archbishop\n|-resisted|p1a: The Archbishop\n|-damage|p1a: The Archbishop|56/100\n|-damage|p2a: Crawdaunt|72/100|[from] item: Rocky Helmet|[of] p1a: The Archbishop\n|-damage|p2a: Crawdaunt|62/100|[from] item: Life Orb\n|move|p1a: The Archbishop|Horn Leech|p2a: Crawdaunt\n|-supereffective|p2a: Crawdaunt\n|-damage|p2a: Crawdaunt|0 fnt\n|-heal|p1a: The Archbishop|80/100|[from] drain|[of] p2a: Crawdaunt\n|faint|p2a: Crawdaunt\n|\n|-weather|Sandstorm|[upkeep]\n|-damage|p1a: The Archbishop|73/100|[from] Sandstorm\n|-heal|p1a: The Archbishop|80/100|[from] Grassy Terrain\n|-sideend|p1: its a game chill|move: Aurora Veil\n|upkeep\n|-message|ajhdgfaywshjd forfeited.\n|\n|win|its a game chill\n|raw|its a game chill's rating: 1221 &rarr; <strong>1243</strong><br />(+22 for winning)\n|raw|ajhdgfaywshjd's rating: 1180 &rarr; <strong>1158</strong><br />(-22 for losing)\n|l|\u2606ajhdgfaywshjd\n|player|p2|\n", "uploadtime": 1790984733, "views": "10", "formatid": "gen8ou", "rating": 1158, "private": 0, "password": null}