{"id": "gen8ou-2691347911", "format": "[Gen 8] OU", "players": ["nwe cd", "Bootycrunchers5000"], "log": "|j|\u2606nwe cd\n|j|\u2606Bootycrunchers5000\n|t:|1790900772\n|gametype|singles\n|player|p1|nwe cd|lucas|\n|player|p2|Bootycrunchers5000|iris|\n|gen|8\n|tier|[Gen 8] OU\n|rule|HP Percentage Mod: HP is shown in percentages\n|rule|Endless Battle Clause: Forcing endless battles is banned\n|rule|Sleep Clause Mod: Limit one foe put to sleep\n|rule|Species Clause: Limit one of each Pok\u00e9mon\n|rule|OHKO Clause: OHKO moves are banned\n|rule|Evasion Items Clause: Evasion items are banned\n|rule|Evasion Moves Clause: Evasion moves are banned\n|rule|Dynamax Clause: You cannot dynamax\n|clearpoke\n|poke|p1|Spiritomb, F|\n|poke|p1|Porygon-Z|\n|poke|p1|Roserade, M|\n|poke|p1|Lucario, M|\n|poke|p1|Milotic, M|\n|poke|p1|Garchomp, M|\n|poke|p2|Regieleki|\n|poke|p2|Regigigas|\n|poke|p2|Dragapult, F|\n|poke|p2|Blissey, F|\n|poke|p2|Wailord, F|\n|poke|p2|Shuckle, F|\n|teampreview\n|\n|t:|1790900777\n|teamsize|p1|6\n|teamsize|p2|6\n|start\n|switch|p1a: Spiritbomb|Spiritomb, F|100/100\n|switch|p2a: Drags pull|Dragapult, F, shiny|100/100\n|-ability|p1a: Spiritbomb|Pressure\n|turn|1\n|\n|t:|1790900787\n|move|p2a: Drags pull|Hydro Pump|p1a: Spiritbomb\n|-damage|p1a: Spiritbomb|71/100\n|move|p1a: Spiritbomb|Shadow Ball|p2a: Drags pull\n|-supereffective|p2a: Drags pull\n|-damage|p2a: Drags pull|45/100\n|-start|p1a: Spiritbomb|Disable|Shadow Ball|[from] ability: Cursed Body|[of] p2a: Drags pull\n|\n|-heal|p2a: Drags pull|51/100|[from] item: Leftovers\n|upkeep\n|turn|2\n|\n|t:|1790900797\n|move|p2a: Drags pull|Fire Blast|p1a: Spiritbomb\n|-damage|p1a: Spiritbomb|41/100\n|-enditem|p1a: Spiritbomb|Sitrus Berry|[eat]\n|-heal|p1a: Spiritbomb|66/100|[from] item: Sitrus Berry\n|move|p1a: Spiritbomb|Dark Pulse|p2a: Drags pull\n|-supereffective|p2a: Drags pull\n|-crit|p2a: Drags pull\n|-damage|p2a: Drags pull|0 fnt\n|faint|p2a: Drags pull\n|\n|upkeep\n|\n|t:|1790900807\n|switch|p2a: Diabetes|Regieleki|100/100\n|-item|p2a: Diabetes|Air Balloon\n|turn|3\n|\n|t:|1790900814\n|move|p1a: Spiritbomb|Sucker Punch|p2a: Diabetes\n|-damage|p2a: Diabetes|65/100\n|-enditem|p2a: Diabetes|Air Balloon\n|move|p2a: Diabetes|Electro Ball|p1a: Spiritbomb\n|-damage|p1a: Spiritbomb|20/100\n|\n|upkeep\n|turn|4\n|\n|t:|1790900822\n|switch|p2a: Bliss|Blissey, F, shiny|100/100\n|move|p1a: Spiritbomb|Dark Pulse|p2a: Bliss\n|-damage|p2a: Bliss|89/100\n|\n|-end|p1a: Spiritbomb|Disable\n|upkeep\n|turn|5\n|\n|t:|1790900840\n|move|p1a: Spiritbomb|Sucker Punch|p2a: Bliss\n|-damage|p2a: Bliss|59/100\n|move|p2a: Bliss|Endeavor|p1a: Spiritbomb\n|-immune|p1a: Spiritbomb\n|\n|upkeep\n|turn|6\n|\n|t:|1790900850\n|switch|p2a: Blimey Bob|Wailord, F, shiny|100/100\n|move|p1a: Spiritbomb|Will-O-Wisp|p2a: Blimey Bob\n|-immune|p2a: Blimey Bob|[from] ability: Water Veil\n|\n|upkeep\n|turn|7\n|\n|t:|1790900861\n|switch|p1a: Porygon 3|Porygon-Z, shiny|100/100\n|move|p2a: Blimey Bob|Earthquake|p1a: Porygon 3\n|-damage|p1a: Porygon 3|77/100\n|\n|upkeep\n|turn|8\n|\n|t:|1790900869\n|move|p1a: Porygon 3|Zap Cannon|p2a: Blimey Bob|[miss]\n|-miss|p1a: Porygon 3|p2a: Blimey Bob\n|move|p2a: Blimey Bob|Hydro Pump|p1a: Porygon 3|[miss]\n|-miss|p2a: Blimey Bob|p1a: Porygon 3\n|\n|upkeep\n|turn|9\n|\n|t:|1790900875\n|move|p1a: Porygon 3|Zap Cannon|p2a: Blimey Bob|[miss]\n|-miss|p1a: Porygon 3|p2a: Blimey Bob\n|move|p2a: Blimey Bob|Hydro Pump|p1a: Porygon 3|[miss]\n|-miss|p2a: Blimey Bob|p1a: Porygon 3\n|\n|upkeep\n|turn|10\n|\n|t:|1790900880\n|move|p1a: Porygon 3|Zap Cannon|p2a: Blimey Bob|[miss]\n|-miss|p1a: Porygon 3|p2a: Blimey Bob\n|move|p2a: Blimey Bob|Hydro Pump|p1a: Porygon 3|[miss]\n|-miss|p2a: Blimey Bob|p1a: Porygon 3\n|\n|upkeep\n|turn|11\n|\n|t:|1790900886\n|move|p1a: Porygon 3|Zap Cannon|p2a: Blimey Bob|[miss]\n|-miss|p1a: Porygon 3|p2a: Blimey Bob\n|move|p2a: Blimey Bob|Hydro Pump|p1a: Porygon 3\n|-damage|p1a: Porygon 3|27/100\n|\n|upkeep\n|turn|12\n|\n|t:|1790900893\n|move|p1a: Porygon 3|Thunder|p2a: Blimey Bob\n|-supereffective|p2a: Blimey Bob\n|-damage|p2a: Blimey Bob|23/100\n|move|p2a: Blimey Bob|Hydro Pump|p1a: Porygon 3\n|-damage|p1a: Porygon 3|0 fnt\n|faint|p1a: Porygon 3\n|\n|upkeep\n|\n|t:|1790900900\n|switch|p1a: Roserade|Roserade, M|100/100\n|turn|13\n|\n|t:|1790900908\n|switch|p2a: Femboy|Shuckle, F, shiny|100/100\n|move|p1a: Roserade|Energy Ball|p2a: Femboy\n|-damage|p2a: Femboy|66/100\n|\n|-heal|p2a: Femboy|72/100|[from] item: Leftovers\n|upkeep\n|turn|14\n|\n|t:|1790900916\n|move|p1a: Roserade|Leech Seed|p2a: Femboy\n|-start|p2a: Femboy|move: Leech Seed\n|move|p2a: Femboy|Infestation|p1a: Roserade\n|-damage|p1a: Roserade|98/100\n|-activate|p1a: Roserade|move: Infestation|[of] p2a: Femboy\n|-enditem|p1a: Roserade|Eject Button\n|inactive|Battle timer is ON: inactive players will automatically lose when time's up. (requested by Bootycrunchers5000)\n|\n|t:|1790900928\n|switch|p1a: Lucario x|Lucario, M, shiny|100/100\n|\n|-heal|p2a: Femboy|78/100|[from] item: Leftovers\n|-damage|p2a: Femboy|66/100|[from] Leech Seed|[of] p1a: Lucario x\n|upkeep\n|turn|15\n|\n|t:|1790900936\n|move|p1a: Lucario x|Meteor Mash|p2a: Femboy\n|-supereffective|p2a: Femboy\n|-damage|p2a: Femboy|8/100\n|move|p2a: Femboy|Earthquake|p1a: Lucario x\n|-supereffective|p1a: Lucario x\n|-damage|p1a: Lucario x|83/100\n|\n|-heal|p2a: Femboy|14/100|[from] item: Leftovers\n|-damage|p2a: Femboy|2/100|[from] Leech Seed|[of] p1a: Lucario x\n|-heal|p1a: Lucario x|91/100|[silent]\n|upkeep\n|turn|16\n|inactiveoff|Battle timer is now OFF.\n|\n|t:|1790900949\n|switch|p1a: Roserade|Roserade, M|98/100\n|move|p2a: Femboy|Earthquake|p1a: Roserade\n|-damage|p1a: Roserade|88/100\n|\n|-heal|p2a: Femboy|8/100|[from] item: Leftovers\n|-damage|p2a: Femboy|0 fnt|[from] Leech Seed|[of] p1a: Roserade\n|-heal|p1a: Roserade|93/100|[silent]\n|faint|p2a: Femboy\n|upkeep\n|\n|t:|1790900962\n|switch|p2a: Bliss|Blissey, F, shiny|59/100\n|turn|17\n|\n|t:|1790900968\n|move|p1a: Roserade|Leech Seed|p2a: Bliss\n|-start|p2a: Bliss|move: Leech Seed\n|move|p2a: Bliss|Endeavor|p1a: Roserade\n|-immune|p1a: Roserade\n|\n|-damage|p2a: Bliss|47/100|[from] Leech Seed|[of] p1a: Roserade\n|-heal|p1a: Roserade|100/100|[silent]\n|upkeep\n|turn|18\n|\n|t:|1790900981\n|switch|p2a: Diabetes|Regieleki|65/100\n|move|p1a: Roserade|Sludge Bomb|p2a: Diabetes\n|-damage|p2a: Diabetes|0 fnt\n|faint|p2a: Diabetes\n|\n|upkeep\n|\n|t:|1790900987\n|switch|p2a: Blimey Bob|Wailord, F, shiny|23/100\n|turn|19\n|\n|t:|1790900992\n|move|p1a: Roserade|Energy Ball|p2a: Blimey Bob\n|-supereffective|p2a: Blimey Bob\n|-damage|p2a: Blimey Bob|0 fnt\n|faint|p2a: Blimey Bob\n|\n|upkeep\n|\n|t:|1790900997\n|switch|p2a: Bliss|Blissey, F, shiny|47/100\n|turn|20\n|\n|t:|1790901001\n|move|p1a: Roserade|Leech Seed|p2a: Bliss\n|-start|p2a: Bliss|move: Leech Seed\n|move|p2a: Bliss|Seismic Toss|p1a: Roserade\n|-damage|p1a: Roserade|62/100\n|\n|-damage|p2a: Bliss|34/100|[from] Leech Seed|[of] p1a: Roserade\n|-heal|p1a: Roserade|93/100|[silent]\n|upkeep\n|turn|21\n|\n|t:|1790901010\n|move|p1a: Roserade|Giga Drain|p2a: Bliss\n|-damage|p2a: Bliss|20/100\n|-heal|p1a: Roserade|100/100|[from] drain|[of] p2a: Bliss\n|move|p2a: Bliss|Endeavor|p1a: Roserade\n|-damage|p1a: Roserade|48/100\n|\n|-damage|p2a: Bliss|7/100|[from] Leech Seed|[of] p1a: Roserade\n|-heal|p1a: Roserade|79/100|[silent]\n|upkeep\n|turn|22\n|\n|t:|1790901020\n|move|p1a: Roserade|Giga Drain|p2a: Bliss\n|-damage|p2a: Bliss|0 fnt\n|-heal|p1a: Roserade|88/100|[from] drain|[of] p2a: Bliss\n|faint|p2a: Bliss\n|\n|upkeep\n|\n|t:|1790901025\n|switch|p2a: Regurgitating|Regigigas|100/100\n|-start|p2a: Regurgitating|ability: Slow Start\n|turn|23\n|\n|t:|1790901034\n|move|p1a: Roserade|Leech Seed|p2a: Regurgitating\n|-start|p2a: Regurgitating|move: Leech Seed\n|move|p2a: Regurgitating|Superpower|p1a: Roserade\n|-resisted|p1a: Roserade\n|-damage|p1a: Roserade|68/100\n|-unboost|p2a: Regurgitating|atk|1\n|-unboost|p2a: Regurgitating|def|1\n|\n|-damage|p2a: Regurgitating|88/100|[from] Leech Seed|[of] p1a: Roserade\n|-heal|p1a: Roserade|88/100|[silent]\n|upkeep\n|turn|24\n|\n|t:|1790901046\n|-singleturn|p2a: Regurgitating|move: Focus Punch\n|move|p1a: Roserade|Giga Drain|p2a: Regurgitating\n|-damage|p2a: Regurgitating|61/100\n|-heal|p1a: Roserade|100/100|[from] drain|[of] p2a: Regurgitating\n|cant|p2a: Regurgitating|Focus Punch|Focus Punch\n|\n|-heal|p2a: Regurgitating|67/100|[from] item: Leftovers\n|-damage|p2a: Regurgitating|55/100|[from] Leech Seed|[of] p1a: Roserade\n|upkeep\n|turn|25\n|\n|t:|1790901057\n|-singleturn|p2a: Regurgitating|move: Focus Punch\n|move|p1a: Roserade|Sludge Bomb|p2a: Regurgitating\n|-damage|p2a: Regurgitating|19/100\n|-status|p2a: Regurgitating|psn\n|cant|p2a: Regurgitating|Focus Punch|Focus Punch\n|\n|-heal|p2a: Regurgitating|25/100 psn|[from] item: Leftovers\n|-damage|p2a: Regurgitating|13/100 psn|[from] Leech Seed|[of] p1a: Roserade\n|-damage|p2a: Regurgitating|0 fnt|[from] psn\n|faint|p2a: Regurgitating\n|-end|p2a: Regurgitating|Slow Start|[silent]\n|\n|win|nwe cd\n", "uploadtime": 1790901069, "views": "15", "formatid": "gen8ou", "rating": null, "private": 0, "password": null}