{"id": "gen8ou-2692983534", "format": "[Gen 8] OU", "players": ["Infernoss", "obama mewtwo"], "log": "|j|\u2606Infernoss\n|j|\u2606obama mewtwo\n|t:|1791169050\n|gametype|singles\n|player|p1|Infernoss|pokemonrangerf-gen4|1436\n|player|p2|obama mewtwo|sabrina|1373\n|gen|8\n|tier|[Gen 8] OU\n|rated|\n|rule|HP Percentage Mod: HP is shown in percentages\n|rule|Endless Battle Clause: Forcing endless battles is banned\n|rule|Sleep Clause Mod: Limit one foe put to sleep\n|rule|Species Clause: Limit one of each Pok\u00e9mon\n|rule|OHKO Clause: OHKO moves are banned\n|rule|Evasion Items Clause: Evasion items are banned\n|rule|Evasion Moves Clause: Evasion moves are banned\n|rule|Dynamax Clause: You cannot dynamax\n|clearpoke\n|poke|p1|Xatu, M|\n|poke|p1|Slowking-Galar, F|\n|poke|p1|Landorus-Therian, M|\n|poke|p1|Klefki, M|\n|poke|p1|Rotom-Wash|\n|poke|p1|Keldeo-Resolute|\n|poke|p2|Blaziken, F|\n|poke|p2|Rillaboom, M|\n|poke|p2|Celesteela|\n|poke|p2|Primarina, F|\n|poke|p2|Nidoking, M|\n|poke|p2|Regieleki|\n|teampreview\n|inactive|Battle timer is ON: inactive players will automatically lose when time's up. (requested by Infernoss)\n|\n|t:|1791169083\n|teamsize|p1|6\n|teamsize|p2|6\n|start\n|switch|p1a: Klefki|Klefki, M|100/100\n|switch|p2a: gay son|Rillaboom, M|100/100\n|-fieldstart|move: Grassy Terrain|[from] ability: Grassy Surge|[of] p2a: gay son\n|turn|1\n|\n|t:|1791169091\n|move|p1a: Klefki|Reflect|p1a: Klefki\n|-sidestart|p1: Infernoss|Reflect\n|move|p2a: gay son|U-turn|p1a: Klefki\n|-resisted|p1a: Klefki\n|-damage|p1a: Klefki|95/100\n|\n|t:|1791169102\n|switch|p2a: viktor orban|Nidoking, M|100/100|[from] U-turn\n|\n|-heal|p1a: Klefki|100/100|[from] Grassy Terrain\n|upkeep\n|turn|2\n|\n|t:|1791169113\n|move|p1a: Klefki|Light Screen|p1a: Klefki\n|-sidestart|p1: Infernoss|move: Light Screen\n|move|p2a: viktor orban|Stealth Rock|p1a: Klefki\n|-sidestart|p1: Infernoss|move: Stealth Rock\n|\n|upkeep\n|turn|3\n|\n|t:|1791169139\n|move|p1a: Klefki|Defog|p2a: viktor orban\n|-unboost|p2a: viktor orban|evasion|1\n|-sideend|p1: Infernoss|Stealth Rock|[from] move: Defog|[of] p1a: Klefki\n|-fieldend|move: Grassy Terrain\n|move|p2a: viktor orban|Earth Power|p1a: Klefki\n|-supereffective|p1a: Klefki\n|-damage|p1a: Klefki|52/100\n|\n|upkeep\n|turn|4\n|\n|t:|1791169146\n|switch|p1a: Piolin|Xatu, M|100/100\n|move|p2a: viktor orban|Stealth Rock|p1a: Piolin\n|move|p1a: Piolin|Stealth Rock|p2a: viktor orban|[from] ability: Magic Bounce\n|-sidestart|p2: obama mewtwo|move: Stealth Rock\n|\n|upkeep\n|turn|5\n|\n|t:|1791169153\n|switch|p2a: steela beams|Celesteela|100/100\n|-damage|p2a: steela beams|88/100|[from] Stealth Rock\n|move|p1a: Piolin|Calm Mind|p1a: Piolin\n|-boost|p1a: Piolin|spa|1\n|-boost|p1a: Piolin|spd|1\n|\n|-heal|p2a: steela beams|94/100|[from] item: Leftovers\n|upkeep\n|turn|6\n|\n|t:|1791169160\n|move|p1a: Piolin|Calm Mind|p1a: Piolin\n|-boost|p1a: Piolin|spa|1\n|-boost|p1a: Piolin|spd|1\n|move|p2a: steela beams|Heavy Slam|p1a: Piolin\n|-damage|p1a: Piolin|71/100\n|\n|-heal|p2a: steela beams|99/100|[from] item: Leftovers\n|upkeep\n|turn|7\n|\n|t:|1791169175\n|move|p1a: Piolin|Heat Wave|p2a: steela beams\n|-supereffective|p2a: steela beams\n|-damage|p2a: steela beams|48/100\n|move|p2a: steela beams|Heavy Slam|p1a: Piolin\n|-damage|p1a: Piolin|43/100\n|\n|-heal|p2a: steela beams|55/100|[from] item: Leftovers\n|upkeep\n|turn|8\n|\n|t:|1791169182\n|move|p2a: steela beams|Protect|p2a: steela beams\n|-singleturn|p2a: steela beams|Protect\n|move|p1a: Piolin|Roost|p1a: Piolin\n|-heal|p1a: Piolin|93/100\n|-singleturn|p1a: Piolin|move: Roost\n|\n|-heal|p2a: steela beams|61/100|[from] item: Leftovers\n|-sideend|p1: Infernoss|Reflect\n|upkeep\n|turn|9\n|\n|t:|1791169191\n|move|p1a: Piolin|Heat Wave|p2a: steela beams\n|-supereffective|p2a: steela beams\n|-damage|p2a: steela beams|7/100\n|move|p2a: steela beams|Heavy Slam|p1a: Piolin\n|-damage|p1a: Piolin|36/100\n|\n|-heal|p2a: steela beams|13/100|[from] item: Leftovers\n|-sideend|p1: Infernoss|move: Light Screen\n|upkeep\n|turn|10\n|\n|t:|1791169198\n|move|p1a: Piolin|Stored Power|p2a: steela beams\n|-resisted|p2a: steela beams\n|-damage|p2a: steela beams|0 fnt\n|faint|p2a: steela beams\n|\n|upkeep\n|\n|t:|1791169205\n|switch|p2a: battery corrosion|Regieleki|100/100\n|-damage|p2a: battery corrosion|88/100|[from] Stealth Rock\n|turn|11\n|\n|t:|1791169210\n|move|p2a: battery corrosion|Rapid Spin|p1a: Piolin\n|-damage|p1a: Piolin|22/100\n|-boost|p2a: battery corrosion|spe|1\n|-sideend|p2: obama mewtwo|Stealth Rock|[from] move: Rapid Spin|[of] p2a: battery corrosion\n|move|p1a: Piolin|Stored Power|p2a: battery corrosion\n|-damage|p2a: battery corrosion|0 fnt\n|faint|p2a: battery corrosion\n|\n|upkeep\n|\n|t:|1791169217\n|switch|p2a: gay son|Rillaboom, M|100/100\n|-fieldstart|move: Grassy Terrain|[from] ability: Grassy Surge|[of] p2a: gay son\n|turn|12\n|\n|t:|1791169222\n|switch|p1a: Landorus|Landorus-Therian, M|100/100\n|-ability|p1a: Landorus|Intimidate|boost\n|-unboost|p2a: gay son|atk|1\n|move|p2a: gay son|Grassy Glide|p1a: Landorus\n|-damage|p1a: Landorus|49/100\n|\n|-heal|p1a: Landorus|55/100|[from] item: Leftovers\n|upkeep\n|turn|13\n|\n|t:|1791169232\n|switch|p2a: costco chickenbake|Blaziken, F, shiny|100/100\n|move|p1a: Landorus|Knock Off|p2a: costco chickenbake\n|-resisted|p2a: costco chickenbake\n|-crit|p2a: costco chickenbake\n|-damage|p2a: costco chickenbake|63/100\n|-enditem|p2a: costco chickenbake|Life Orb|[from] move: Knock Off|[of] p1a: Landorus\n|\n|-heal|p1a: Landorus|61/100|[from] item: Leftovers\n|-heal|p2a: costco chickenbake|69/100|[from] Grassy Terrain\n|upkeep\n|turn|14\n|\n|t:|1791169242\n|move|p1a: Landorus|Earthquake|p2a: costco chickenbake\n|-supereffective|p2a: costco chickenbake\n|-damage|p2a: costco chickenbake|0 fnt\n|faint|p2a: costco chickenbake\n|\n|-heal|p1a: Landorus|67/100|[from] item: Leftovers\n|upkeep\n|\n|t:|1791169247\n|switch|p2a: thought daughter|Primarina, F|100/100\n|turn|15\n|\n|t:|1791169253\n|switch|p1a: Toxica|Slowking-Galar, F, shiny|100/100\n|move|p2a: thought daughter|Calm Mind|p2a: thought daughter\n|-boost|p2a: thought daughter|spa|1\n|-boost|p2a: thought daughter|spd|1\n|\n|upkeep\n|turn|16\n|\n|t:|1791169258\n|move|p2a: thought daughter|Calm Mind|p2a: thought daughter\n|-boost|p2a: thought daughter|spa|1\n|-boost|p2a: thought daughter|spd|1\n|move|p1a: Toxica|Nasty Plot|p1a: Toxica\n|-boost|p1a: Toxica|spa|2\n|\n|-fieldend|move: Grassy Terrain\n|upkeep\n|turn|17\n|\n|t:|1791169266\n|move|p2a: thought daughter|Scald|p1a: Toxica\n|-damage|p1a: Toxica|62/100\n|-status|p1a: Toxica|brn\n|move|p1a: Toxica|Psyshock|p2a: thought daughter\n|-damage|p2a: thought daughter|53/100\n|\n|-heal|p2a: thought daughter|59/100|[from] item: Leftovers\n|-damage|p1a: Toxica|56/100 brn|[from] brn\n|upkeep\n|turn|18\n|\n|t:|1791169277\n|move|p2a: thought daughter|Scald|p1a: Toxica\n|-damage|p1a: Toxica|14/100 brn\n|move|p1a: Toxica|Sludge Bomb|p2a: thought daughter\n|-supereffective|p2a: thought daughter\n|-damage|p2a: thought daughter|7/100\n|-status|p2a: thought daughter|psn\n|\n|-heal|p2a: thought daughter|13/100 psn|[from] item: Leftovers\n|-damage|p2a: thought daughter|1/100 psn|[from] psn\n|-damage|p1a: Toxica|8/100 brn|[from] brn\n|upkeep\n|turn|19\n|\n|t:|1791169291\n|move|p2a: thought daughter|Scald|p1a: Toxica\n|-damage|p1a: Toxica|0 fnt\n|faint|p1a: Toxica\n|\n|-heal|p2a: thought daughter|7/100 psn|[from] item: Leftovers\n|-damage|p2a: thought daughter|0 fnt|[from] psn\n|faint|p2a: thought daughter\n|upkeep\n|\n|t:|1791169299\n|switch|p2a: gay son|Rillaboom, M|100/100\n|switch|p1a: Landorus|Landorus-Therian, M|67/100\n|-ability|p1a: Landorus|Intimidate|boost\n|-unboost|p2a: gay son|atk|1\n|-fieldstart|move: Grassy Terrain|[from] ability: Grassy Surge|[of] p2a: gay son\n|turn|20\n|\n|t:|1791169307\n|move|p1a: Landorus|Knock Off|p2a: gay son\n|-damage|p2a: gay son|68/100\n|-enditem|p2a: gay son|Choice Band|[from] move: Knock Off|[of] p1a: Landorus\n|move|p2a: gay son|Wood Hammer|p1a: Landorus\n|-damage|p1a: Landorus|13/100\n|-damage|p2a: gay son|48/100|[from] Recoil\n|\n|-heal|p1a: Landorus|19/100|[from] item: Leftovers\n|-heal|p2a: gay son|54/100|[from] Grassy Terrain\n|upkeep\n|turn|21\n|\n|t:|1791169321\n|switch|p1a: Piolin|Xatu, M|22/100\n|move|p2a: gay son|Grassy Glide|p1a: Piolin\n|-resisted|p1a: Piolin\n|-damage|p1a: Piolin|0 fnt\n|faint|p1a: Piolin\n|\n|-heal|p2a: gay son|60/100|[from] Grassy Terrain\n|upkeep\n|\n|t:|1791169329\n|switch|p1a: Klefki|Klefki, M|52/100\n|turn|22\n|\n|t:|1791169332\n|switch|p2a: viktor orban|Nidoking, M|100/100\n|move|p1a: Klefki|Reflect|p1a: Klefki\n|-sidestart|p1: Infernoss|Reflect\n|\n|-heal|p1a: Klefki|58/100|[from] Grassy Terrain\n|upkeep\n|turn|23\n|\n|t:|1791169339\n|move|p1a: Klefki|Light Screen|p1a: Klefki\n|-sidestart|p1: Infernoss|move: Light Screen\n|move|p2a: viktor orban|Earth Power|p1a: Klefki\n|-supereffective|p1a: Klefki\n|-damage|p1a: Klefki|4/100\n|\n|-heal|p1a: Klefki|10/100|[from] Grassy Terrain\n|upkeep\n|turn|24\n|\n|t:|1791169349\n|switch|p1a: Powny|Keldeo-Resolute|100/100\n|move|p2a: viktor orban|Stealth Rock|p1a: Powny\n|-sidestart|p1: Infernoss|move: Stealth Rock\n|\n|-fieldend|move: Grassy Terrain\n|upkeep\n|turn|25\n|\n|t:|1791169355\n|move|p1a: Powny|Calm Mind|p1a: Powny\n|-boost|p1a: Powny|spa|1\n|-boost|p1a: Powny|spd|1\n|move|p2a: viktor orban|Sludge Wave|p1a: Powny\n|-damage|p1a: Powny|78/100\n|\n|-heal|p1a: Powny|84/100|[from] item: Leftovers\n|upkeep\n|turn|26\n|\n|t:|1791169362\n|move|p1a: Powny|Substitute|p1a: Powny\n|-start|p1a: Powny|Substitute\n|-damage|p1a: Powny|59/100\n|move|p2a: viktor orban|Sludge Wave|p1a: Powny\n|-end|p1a: Powny|Substitute\n|\n|-heal|p1a: Powny|65/100|[from] item: Leftovers\n|upkeep\n|turn|27\n|\n|t:|1791169372\n|move|p1a: Powny|Calm Mind|p1a: Powny\n|-boost|p1a: Powny|spa|1\n|-boost|p1a: Powny|spd|1\n|move|p2a: viktor orban|Sludge Wave|p1a: Powny\n|-damage|p1a: Powny|48/100\n|\n|-heal|p1a: Powny|55/100|[from] item: Leftovers\n|upkeep\n|turn|28\n|\n|t:|1791169379\n|move|p1a: Powny|Substitute|p1a: Powny\n|-start|p1a: Powny|Substitute\n|-damage|p1a: Powny|30/100\n|move|p2a: viktor orban|Sludge Wave|p1a: Powny\n|-activate|p1a: Powny|move: Substitute|[damage]\n|\n|-heal|p1a: Powny|36/100|[from] item: Leftovers\n|upkeep\n|turn|29\n|\n|t:|1791169386\n|move|p1a: Powny|Scald|p2a: viktor orban\n|-supereffective|p2a: viktor orban\n|-damage|p2a: viktor orban|0 fnt\n|faint|p2a: viktor orban\n|\n|-heal|p1a: Powny|42/100|[from] item: Leftovers\n|-sideend|p1: Infernoss|Reflect\n|upkeep\n|\n|t:|1791169388\n|switch|p2a: gay son|Rillaboom, M|60/100\n|-fieldstart|move: Grassy Terrain|[from] ability: Grassy Surge|[of] p2a: gay son\n|turn|30\n|\n|t:|1791169395\n|move|p2a: gay son|Grassy Glide|p1a: Powny\n|-supereffective|p1a: Powny\n|-end|p1a: Powny|Substitute\n|move|p1a: Powny|Secret Sword|p2a: gay son\n|-damage|p2a: gay son|0 fnt\n|faint|p2a: gay son\n|\n|win|Infernoss\n|raw|Infernoss's rating: 1436 &rarr; <strong>1452</strong><br />(+16 for winning)\n|raw|obama mewtwo's rating: 1373 &rarr; <strong>1357</strong><br />(-16 for losing)\n|l|\u2606obama mewtwo\n|player|p2|\n", "uploadtime": 1791169403, "views": "5", "formatid": "gen8ou", "rating": 1357, "private": 0, "password": null}