{"id": "gen8ou-2690746038", "format": "[Gen 8] OU", "players": ["GrunkleConn", "rtawefger"], "log": "|j|\u2606GrunkleConn\n|j|\u2606rtawefger\n|t:|1790814680\n|gametype|singles\n|player|p1|GrunkleConn|riley|1255\n|player|p2|rtawefger|265|1062\n|gen|8\n|tier|[Gen 8] OU\n|rated|\n|rule|HP Percentage Mod: HP is shown in percentages\n|rule|Endless Battle Clause: Forcing endless battles is banned\n|rule|Sleep Clause Mod: Limit one foe put to sleep\n|rule|Species Clause: Limit one of each Pok\u00e9mon\n|rule|OHKO Clause: OHKO moves are banned\n|rule|Evasion Items Clause: Evasion items are banned\n|rule|Evasion Moves Clause: Evasion moves are banned\n|rule|Dynamax Clause: You cannot dynamax\n|clearpoke\n|poke|p1|Dragapult, M|\n|poke|p1|Tornadus-Therian, M|\n|poke|p1|Tapu Fini|\n|poke|p1|Garchomp, F|\n|poke|p1|Heatran, F|\n|poke|p1|Zeraora|\n|poke|p2|Slowking-Galar, M|\n|poke|p2|Weavile, F|\n|poke|p2|Garchomp, M|\n|poke|p2|Corviknight, M|\n|poke|p2|Urshifu-*, F|\n|poke|p2|Melmetal|\n|teampreview\n|\n|t:|1790814695\n|teamsize|p1|6\n|teamsize|p2|6\n|start\n|switch|p1a: Tapu Fini|Tapu Fini|100/100\n|switch|p2a: Urshifu|Urshifu-Rapid-Strike, F|100/100\n|-fieldstart|move: Misty Terrain|[from] ability: Misty Surge|[of] p1a: Tapu Fini\n|turn|1\n|\n|t:|1790814704\n|move|p2a: Urshifu|U-turn|p1a: Tapu Fini\n|-resisted|p1a: Tapu Fini\n|-damage|p1a: Tapu Fini|90/100\n|\n|t:|1790814708\n|switch|p2a: Slowking|Slowking-Galar, M, shiny|100/100|[from] U-turn\n|move|p1a: Tapu Fini|Whirlpool|p2a: Slowking\n|-damage|p2a: Slowking|94/100\n|-activate|p2a: Slowking|move: Whirlpool|[of] p1a: Tapu Fini\n|\n|-heal|p1a: Tapu Fini|96/100|[from] item: Leftovers\n|-damage|p2a: Slowking|82/100|[from] move: Whirlpool|[partiallytrapped]\n|upkeep\n|turn|2\n|\n|t:|1790814727\n|switch|p1a: Tornadus|Tornadus-Therian, M|100/100\n|move|p2a: Slowking|Sludge Bomb|p1a: Tornadus\n|-damage|p1a: Tornadus|54/100\n|-status|p1a: Tornadus|psn\n|\n|-damage|p1a: Tornadus|42/100 psn|[from] psn\n|-end|p2a: Slowking|Whirlpool|[partiallytrapped]|[silent]\n|upkeep\n|turn|3\n|\n|t:|1790814736\n|move|p1a: Tornadus|U-turn|p2a: Slowking\n|-damage|p2a: Slowking|66/100\n|\n|t:|1790814738\n|switch|p1a: Heatran|Heatran, F|100/100|[from] U-turn\n|-item|p1a: Heatran|Air Balloon\n|move|p2a: Slowking|Future Sight|p1a: Heatran\n|-start|p2a: Slowking|move: Future Sight\n|\n|upkeep\n|turn|4\n|\n|t:|1790814751\n|move|p1a: Heatran|Stealth Rock|p2a: Slowking\n|-sidestart|p2: rtawefger|move: Stealth Rock\n|move|p2a: Slowking|Scald|p1a: Heatran\n|-supereffective|p1a: Heatran\n|-damage|p1a: Heatran|54/100\n|-enditem|p1a: Heatran|Air Balloon\n|\n|upkeep\n|turn|5\n|\n|t:|1790814759\n|move|p1a: Heatran|Heavy Slam|p2a: Slowking\n|-damage|p2a: Slowking|27/100\n|move|p2a: Slowking|Scald|p1a: Heatran\n|-supereffective|p1a: Heatran\n|-damage|p1a: Heatran|11/100\n|\n|-end|p1a: Heatran|move: Future Sight\n|-resisted|p1a: Heatran\n|-damage|p1a: Heatran|0 fnt\n|faint|p1a: Heatran\n|-fieldend|Misty Terrain\n|upkeep\n|\n|t:|1790814768\n|switch|p1a: Dragapult|Dragapult, M|100/100\n|turn|6\n|\n|t:|1790814775\n|switch|p2a: Melmetal|Melmetal|100/100\n|-damage|p2a: Melmetal|94/100|[from] Stealth Rock\n|move|p1a: Dragapult|Shadow Ball|p2a: Melmetal\n|-damage|p2a: Melmetal|45/100\n|\n|-heal|p2a: Melmetal|51/100|[from] item: Leftovers\n|upkeep\n|turn|7\n|\n|t:|1790814818\n|switch|p1a: Zeraora|Zeraora|100/100\n|move|p2a: Melmetal|Protect||[still]\n|-fail|p2a: Melmetal\n|\n|-heal|p2a: Melmetal|58/100|[from] item: Leftovers\n|upkeep\n|turn|8\n|\n|t:|1790814828\n|switch|p2a: Garchomp|Garchomp, M, shiny|100/100\n|-damage|p2a: Garchomp|94/100|[from] Stealth Rock\n|move|p1a: Zeraora|Bulk Up|p1a: Zeraora\n|-boost|p1a: Zeraora|atk|1\n|-boost|p1a: Zeraora|def|1\n|\n|-heal|p2a: Garchomp|100/100|[from] item: Leftovers\n|upkeep\n|turn|9\n|\n|t:|1790814835\n|move|p1a: Zeraora|Knock Off|p2a: Garchomp\n|-damage|p2a: Garchomp|65/100\n|-damage|p1a: Zeraora|88/100|[from] ability: Rough Skin|[of] p2a: Garchomp\n|-enditem|p2a: Garchomp|Leftovers|[from] move: Knock Off|[of] p1a: Zeraora\n|move|p2a: Garchomp|Stealth Rock|p1a: Zeraora\n|-sidestart|p1: GrunkleConn|move: Stealth Rock\n|\n|upkeep\n|turn|10\n|inactive|Battle timer is ON: inactive players will automatically lose when time's up. (requested by rtawefger)\n|\n|t:|1790814843\n|move|p1a: Zeraora|Close Combat|p2a: Garchomp\n|-damage|p2a: Garchomp|18/100\n|-unboost|p1a: Zeraora|def|1\n|-unboost|p1a: Zeraora|spd|1\n|-damage|p1a: Zeraora|76/100|[from] ability: Rough Skin|[of] p2a: Garchomp\n|move|p2a: Garchomp|Earthquake|p1a: Zeraora\n|-supereffective|p1a: Zeraora\n|-damage|p1a: Zeraora|0 fnt\n|faint|p1a: Zeraora\n|\n|upkeep\n|\n|t:|1790814856\n|switch|p1a: Dragapult|Dragapult, M|100/100\n|-damage|p1a: Dragapult|88/100|[from] Stealth Rock\n|turn|11\n|\n|t:|1790814860\n|move|p2a: Garchomp|Protect|p2a: Garchomp\n|-singleturn|p2a: Garchomp|Protect\n|move|p1a: Dragapult|Shadow Ball|p2a: Garchomp\n|-activate|p2a: Garchomp|move: Protect\n|\n|upkeep\n|turn|12\n|\n|t:|1790814874\n|move|p1a: Dragapult|Shadow Ball|p2a: Garchomp\n|-damage|p2a: Garchomp|0 fnt\n|faint|p2a: Garchomp\n|\n|upkeep\n|\n|t:|1790814883\n|switch|p2a: Weavile|Weavile, F|100/100\n|-ability|p2a: Weavile|Pressure\n|turn|13\n|\n|t:|1790814893\n|switch|p1a: Tapu Fini|Tapu Fini|96/100\n|-damage|p1a: Tapu Fini|84/100|[from] Stealth Rock\n|-fieldstart|move: Misty Terrain|[from] ability: Misty Surge|[of] p1a: Tapu Fini\n|switch|p2a: Slowking|Slowking-Galar, M, shiny|61/100\n|-damage|p2a: Slowking|48/100|[from] Stealth Rock\n|\n|-heal|p1a: Tapu Fini|90/100|[from] item: Leftovers\n|upkeep\n|turn|14\n|\n|t:|1790814907\n|switch|p1a: Garchomp|Garchomp, F|100/100\n|-damage|p1a: Garchomp|94/100|[from] Stealth Rock\n|switch|p2a: Weavile|Weavile, F|100/100\n|-ability|p2a: Weavile|Pressure\n|\n|-heal|p1a: Garchomp|100/100|[from] item: Leftovers\n|upkeep\n|turn|15\n|\n|t:|1790814919\n|switch|p1a: Tapu Fini|Tapu Fini|90/100\n|-damage|p1a: Tapu Fini|78/100|[from] Stealth Rock\n|move|p2a: Weavile|Knock Off|p1a: Tapu Fini\n|-resisted|p1a: Tapu Fini\n|-damage|p1a: Tapu Fini|54/100\n|-enditem|p1a: Tapu Fini|Leftovers|[from] move: Knock Off|[of] p2a: Weavile\n|\n|upkeep\n|turn|16\n|\n|t:|1790814924\n|switch|p2a: Slowking|Slowking-Galar, M, shiny|82/100\n|-damage|p2a: Slowking|69/100|[from] Stealth Rock\n|move|p1a: Tapu Fini|Nature's Madness|p2a: Slowking\n|-damage|p2a: Slowking|35/100\n|\n|upkeep\n|turn|17\n|\n|t:|1790814933\n|switch|p2a: Weavile|Weavile, F|100/100\n|-ability|p2a: Weavile|Pressure\n|move|p1a: Tapu Fini|Whirlpool|p2a: Weavile\n|-damage|p2a: Weavile|84/100\n|-activate|p2a: Weavile|move: Whirlpool|[of] p1a: Tapu Fini\n|\n|-damage|p2a: Weavile|72/100|[from] move: Whirlpool|[partiallytrapped]\n|-fieldend|Misty Terrain\n|upkeep\n|turn|18\n|\n|t:|1790814938\n|move|p2a: Weavile|Swords Dance|p2a: Weavile\n|-boost|p2a: Weavile|atk|2\n|move|p1a: Tapu Fini|Moonblast|p2a: Weavile\n|-supereffective|p2a: Weavile\n|-damage|p2a: Weavile|0 fnt\n|faint|p2a: Weavile\n|\n|upkeep\n|\n|t:|1790814943\n|switch|p2a: Slowking|Slowking-Galar, M, shiny|68/100\n|-damage|p2a: Slowking|56/100|[from] Stealth Rock\n|turn|19\n|\n|t:|1790814951\n|switch|p1a: Tornadus|Tornadus-Therian, M|75/100 psn\n|move|p2a: Slowking|Future Sight|p1a: Tornadus\n|-start|p2a: Slowking|move: Future Sight\n|\n|-damage|p1a: Tornadus|62/100 psn|[from] psn\n|upkeep\n|turn|20\n|\n|t:|1790814968\n|move|p1a: Tornadus|Knock Off|p2a: Slowking\n|-supereffective|p2a: Slowking\n|-damage|p2a: Slowking|12/100\n|-enditem|p2a: Slowking|Assault Vest|[from] move: Knock Off|[of] p1a: Tornadus\n|move|p2a: Slowking|Scald|p1a: Tornadus\n|-damage|p1a: Tornadus|36/100 psn\n|\n|-damage|p1a: Tornadus|23/100 psn|[from] psn\n|upkeep\n|turn|21\n|-message|rtawefger forfeited.\n|\n|win|GrunkleConn\n|raw|GrunkleConn's rating: 1255 &rarr; <strong>1267</strong><br />(+12 for winning)\n|raw|rtawefger's rating: 1062 &rarr; <strong>1052</strong><br />(-10 for losing)\n|l|\u2606rtawefger\n|player|p2|\n", "uploadtime": 1790814977, "views": "1", "formatid": "gen8ou", "rating": 1052, "private": 0, "password": null}