{"id": "gen8ou-2691361391", "format": "[Gen 8] OU", "players": ["its a game chill", "ClausETG"], "log": "|j|\u2606its a game chill\n|j|\u2606ClausETG\n|t:|1790902904\n|gametype|singles\n|player|p1|its a game chill|102|1195\n|player|p2|ClausETG|kahili|1205\n|gen|8\n|tier|[Gen 8] OU\n|rated|\n|rule|HP Percentage Mod: HP is shown in percentages\n|rule|Endless Battle Clause: Forcing endless battles is banned\n|rule|Sleep Clause Mod: Limit one foe put to sleep\n|rule|Species Clause: Limit one of each Pok\u00e9mon\n|rule|OHKO Clause: OHKO moves are banned\n|rule|Evasion Items Clause: Evasion items are banned\n|rule|Evasion Moves Clause: Evasion moves are banned\n|rule|Dynamax Clause: You cannot dynamax\n|clearpoke\n|poke|p1|Tyranitar, M|\n|poke|p1|Ninetales-Alola, F|\n|poke|p1|Zapdos|\n|poke|p1|Tapu Bulu|\n|poke|p1|Dracozolt|\n|poke|p1|Arctozolt|\n|poke|p2|Kartana|\n|poke|p2|Rillaboom, M|\n|poke|p2|Xurkitree|\n|poke|p2|Toxapex, M|\n|poke|p2|Garchomp, M|\n|poke|p2|Dragapult, M|\n|teampreview\n|inactive|Battle timer is ON: inactive players will automatically lose when time's up. (requested by its a game chill)\n|\n|t:|1790902952\n|teamsize|p1|6\n|teamsize|p2|6\n|start\n|switch|p1a: Dr. Stone|Tyranitar, M|100/100\n|switch|p2a: Kartana|Kartana|100/100\n|-weather|Sandstorm|[from] ability: Sand Stream|[of] p1a: Dr. Stone\n|turn|1\n|\n|t:|1790902970\n|switch|p1a: The Witch|Zapdos|100/100\n|move|p2a: Kartana|Smart Strike|p1a: The Witch\n|-resisted|p1a: The Witch\n|-damage|p1a: The Witch|83/100\n|-status|p2a: Kartana|par|[from] ability: Static|[of] p1a: The Witch\n|\n|-weather|Sandstorm|[upkeep]\n|-damage|p1a: The Witch|76/100|[from] Sandstorm\n|upkeep\n|turn|2\n|\n|t:|1790902987\n|switch|p2a: Xurkitree|Xurkitree|100/100\n|switch|p1a: Sin.|Dracozolt|100/100\n|\n|-weather|Sandstorm|[upkeep]\n|-damage|p2a: Xurkitree|94/100|[from] Sandstorm\n|upkeep\n|turn|3\n|\n|t:|1790902997\n|move|p1a: Sin.|Earthquake|p2a: Xurkitree\n|-supereffective|p2a: Xurkitree\n|-damage|p2a: Xurkitree|0 fnt\n|faint|p2a: Xurkitree\n|\n|-weather|Sandstorm|[upkeep]\n|upkeep\n|\n|t:|1790903017\n|switch|p2a: Dragapult|Dragapult, M|100/100\n|turn|4\n|\n|t:|1790903026\n|switch|p1a: The Witch|Zapdos|76/100\n|move|p2a: Dragapult|Flamethrower|p1a: The Witch\n|-damage|p1a: The Witch|35/100\n|\n|-weather|Sandstorm|[upkeep]\n|-damage|p2a: Dragapult|95/100|[from] Sandstorm\n|-damage|p1a: The Witch|28/100|[from] Sandstorm\n|upkeep\n|turn|5\n|\n|t:|1790903036\n|switch|p1a: Dr. Stone|Tyranitar, M|100/100\n|move|p2a: Dragapult|Flamethrower|p1a: Dr. Stone\n|-resisted|p1a: Dr. Stone\n|-damage|p1a: Dr. Stone|89/100\n|\n|-weather|none\n|-heal|p1a: Dr. Stone|95/100|[from] item: Leftovers\n|upkeep\n|turn|6\n|\n|t:|1790903050\n|switch|p2a: Rillaboom|Rillaboom, M|100/100\n|-fieldstart|move: Grassy Terrain|[from] ability: Grassy Surge|[of] p2a: Rillaboom\n|move|p1a: Dr. Stone|Ice Beam|p2a: Rillaboom\n|-supereffective|p2a: Rillaboom\n|-damage|p2a: Rillaboom|36/100\n|\n|-heal|p2a: Rillaboom|42/100|[from] Grassy Terrain\n|-heal|p1a: Dr. Stone|100/100|[from] Grassy Terrain\n|upkeep\n|turn|7\n|\n|t:|1790903067\n|switch|p1a: The Archbishop|Tapu Bulu|100/100\n|move|p2a: Rillaboom|Drain Punch|p1a: The Archbishop\n|-resisted|p1a: The Archbishop\n|-damage|p1a: The Archbishop|91/100\n|-heal|p2a: Rillaboom|47/100|[from] drain|[of] p1a: The Archbishop\n|-damage|p2a: Rillaboom|30/100|[from] item: Rocky Helmet|[of] p1a: The Archbishop\n|\n|-heal|p2a: Rillaboom|36/100|[from] Grassy Terrain\n|-heal|p1a: The Archbishop|97/100|[from] Grassy Terrain\n|upkeep\n|turn|8\n|\n|t:|1790903091\n|move|p2a: Rillaboom|Knock Off|p1a: The Archbishop\n|-resisted|p1a: The Archbishop\n|-damage|p1a: The Archbishop|85/100\n|-damage|p2a: Rillaboom|20/100|[from] item: Rocky Helmet|[of] p1a: The Archbishop\n|-enditem|p1a: The Archbishop|Rocky Helmet|[from] move: Knock Off|[of] p2a: Rillaboom\n|move|p1a: The Archbishop|Toxic|p2a: Rillaboom\n|-status|p2a: Rillaboom|tox\n|\n|-heal|p2a: Rillaboom|26/100 tox|[from] Grassy Terrain\n|-heal|p1a: The Archbishop|91/100|[from] Grassy Terrain\n|-damage|p2a: Rillaboom|20/100 tox|[from] psn\n|upkeep\n|turn|9\n|inactive|its a game chill has 120 seconds left.\n|\n|t:|1790903109\n|switch|p2a: Toxapex|Toxapex, M|100/100\n|move|p1a: The Archbishop|Horn Leech|p2a: Toxapex\n|-damage|p2a: Toxapex|76/100\n|-heal|p1a: The Archbishop|100/100|[from] drain|[of] p2a: Toxapex\n|\n|-heal|p2a: Toxapex|82/100|[from] Grassy Terrain\n|-heal|p2a: Toxapex|88/100|[from] item: Black Sludge\n|upkeep\n|turn|10\n|inactive|its a game chill has 120 seconds left.\n|\n|t:|1790903131\n|switch|p1a: Mr. Frost|Arctozolt|100/100\n|move|p2a: Toxapex|Toxic|p1a: Mr. Frost\n|-status|p1a: Mr. Frost|tox\n|\n|-heal|p2a: Toxapex|95/100|[from] Grassy Terrain\n|-heal|p2a: Toxapex|100/100|[from] item: Black Sludge\n|-damage|p1a: Mr. Frost|94/100 tox|[from] psn\n|upkeep\n|turn|11\n|\n|t:|1790903145\n|move|p1a: Mr. Frost|Icicle Crash|p2a: Toxapex\n|-resisted|p2a: Toxapex\n|-damage|p2a: Toxapex|88/100\n|move|p2a: Toxapex|Recover|p2a: Toxapex\n|-heal|p2a: Toxapex|100/100\n|\n|-heal|p1a: Mr. Frost|100/100 tox|[from] Grassy Terrain\n|-damage|p1a: Mr. Frost|88/100 tox|[from] psn\n|upkeep\n|turn|12\n|\n|t:|1790903157\n|switch|p2a: Garchomp|Garchomp, M|100/100\n|move|p1a: Mr. Frost|Freeze-Dry|p2a: Garchomp\n|-supereffective|p2a: Garchomp\n|-damage|p2a: Garchomp|10/100\n|\n|-heal|p2a: Garchomp|16/100|[from] Grassy Terrain\n|-heal|p2a: Garchomp|22/100|[from] item: Leftovers\n|-heal|p1a: Mr. Frost|94/100 tox|[from] Grassy Terrain\n|-damage|p1a: Mr. Frost|76/100 tox|[from] psn\n|upkeep\n|turn|13\n|\n|t:|1790903173\n|move|p2a: Garchomp|Scale Shot|p1a: Mr. Frost\n|-damage|p1a: Mr. Frost|59/100 tox\n|-damage|p1a: Mr. Frost|43/100 tox\n|-hitcount|p1a: Mr. Frost|2\n|-unboost|p2a: Garchomp|def|1\n|-boost|p2a: Garchomp|spe|1\n|move|p1a: Mr. Frost|Freeze-Dry|p2a: Garchomp\n|-supereffective|p2a: Garchomp\n|-damage|p2a: Garchomp|0 fnt\n|faint|p2a: Garchomp\n|\n|-heal|p1a: Mr. Frost|49/100 tox|[from] Grassy Terrain\n|-damage|p1a: Mr. Frost|24/100 tox|[from] psn\n|-fieldend|move: Grassy Terrain\n|upkeep\n|inactive|ClausETG has 120 seconds left.\n|\n|t:|1790903192\n|switch|p2a: Dragapult|Dragapult, M|95/100\n|turn|14\n|inactive|its a game chill has 90 seconds left.\n|\n|t:|1790903230\n|switch|p1a: The Witch|Zapdos|28/100\n|move|p2a: Dragapult|Flamethrower|p1a: The Witch\n|-damage|p1a: The Witch|0 fnt\n|faint|p1a: The Witch\n|\n|upkeep\n|\n|t:|1790903235\n|switch|p1a: Dr. Stone|Tyranitar, M|100/100\n|-weather|Sandstorm|[from] ability: Sand Stream|[of] p1a: Dr. Stone\n|turn|15\n|\n|t:|1790903244\n|switch|p2a: Toxapex|Toxapex, M|100/100\n|switch|p1a: Sin.|Dracozolt|100/100\n|\n|-weather|Sandstorm|[upkeep]\n|-damage|p2a: Toxapex|94/100|[from] Sandstorm\n|-heal|p2a: Toxapex|100/100|[from] item: Black Sludge\n|upkeep\n|turn|16\n|\n|t:|1790903253\n|move|p1a: Sin.|Bolt Beak|p2a: Toxapex\n|-supereffective|p2a: Toxapex\n|-damage|p2a: Toxapex|0 fnt\n|faint|p2a: Toxapex\n|\n|-weather|Sandstorm|[upkeep]\n|upkeep\n|\n|t:|1790903263\n|switch|p2a: Dragapult|Dragapult, M|95/100\n|turn|17\n|\n|t:|1790903270\n|switch|p1a: Lady Frost|Ninetales-Alola, F|100/100\n|-weather|Hail|[from] ability: Snow Warning|[of] p1a: Lady Frost\n|move|p2a: Dragapult|Draco Meteor|p1a: Lady Frost\n|-immune|p1a: Lady Frost\n|\n|-weather|Hail|[upkeep]\n|-damage|p2a: Dragapult|89/100|[from] Hail\n|upkeep\n|turn|18\n|\n|t:|1790903279\n|switch|p2a: Kartana|Kartana|100/100 par\n|move|p1a: Lady Frost|Freeze-Dry|p2a: Kartana\n|-damage|p2a: Kartana|17/100 par\n|\n|-weather|Hail|[upkeep]\n|-damage|p2a: Kartana|11/100 par|[from] Hail\n|upkeep\n|turn|19\n|\n|t:|1790903287\n|move|p1a: Lady Frost|Freeze-Dry|p2a: Kartana\n|-damage|p2a: Kartana|0 fnt\n|faint|p2a: Kartana\n|\n|-weather|Hail|[upkeep]\n|upkeep\n|\n|t:|1790903292\n|switch|p2a: Dragapult|Dragapult, M|89/100\n|turn|20\n|\n|t:|1790903310\n|switch|p1a: Dr. Stone|Tyranitar, M|100/100\n|-weather|Sandstorm|[from] ability: Sand Stream|[of] p1a: Dr. Stone\n|move|p2a: Dragapult|Flamethrower|p1a: Dr. Stone\n|-resisted|p1a: Dr. Stone\n|-damage|p1a: Dr. Stone|89/100\n|\n|-weather|Sandstorm|[upkeep]\n|-damage|p2a: Dragapult|83/100|[from] Sandstorm\n|-heal|p1a: Dr. Stone|96/100|[from] item: Leftovers\n|upkeep\n|turn|21\n|\n|t:|1790903320\n|switch|p2a: Rillaboom|Rillaboom, M|20/100 tox\n|-fieldstart|move: Grassy Terrain|[from] ability: Grassy Surge|[of] p2a: Rillaboom\n|move|p1a: Dr. Stone|Ice Beam|p2a: Rillaboom\n|-supereffective|p2a: Rillaboom\n|-damage|p2a: Rillaboom|0 fnt\n|faint|p2a: Rillaboom\n|\n|-weather|Sandstorm|[upkeep]\n|-heal|p1a: Dr. Stone|100/100|[from] Grassy Terrain\n|upkeep\n|\n|t:|1790903329\n|switch|p2a: Dragapult|Dragapult, M|83/100\n|turn|22\n|\n|t:|1790903336\n|move|p2a: Dragapult|Flamethrower|p1a: Dr. Stone\n|-resisted|p1a: Dr. Stone\n|-damage|p1a: Dr. Stone|89/100\n|move|p1a: Dr. Stone|Ice Beam|p2a: Dragapult\n|-supereffective|p2a: Dragapult\n|-damage|p2a: Dragapult|7/100\n|\n|-weather|Sandstorm|[upkeep]\n|-damage|p2a: Dragapult|1/100|[from] Sandstorm\n|-heal|p2a: Dragapult|7/100|[from] Grassy Terrain\n|-heal|p1a: Dr. Stone|95/100|[from] Grassy Terrain\n|-heal|p1a: Dr. Stone|100/100|[from] item: Leftovers\n|upkeep\n|turn|23\n|\n|t:|1790903346\n|move|p2a: Dragapult|Flamethrower|p1a: Dr. Stone\n|-resisted|p1a: Dr. Stone\n|-damage|p1a: Dr. Stone|88/100\n|move|p1a: Dr. Stone|Ice Beam|p2a: Dragapult\n|-supereffective|p2a: Dragapult\n|-damage|p2a: Dragapult|0 fnt\n|faint|p2a: Dragapult\n|\n|win|its a game chill\n|raw|its a game chill's rating: 1195 &rarr; <strong>1221</strong><br />(+26 for winning)\n|raw|ClausETG's rating: 1205 &rarr; <strong>1179</strong><br />(-26 for losing)\n", "uploadtime": 1790903355, "views": "12", "formatid": "gen8ou", "rating": 1179, "private": 0, "password": null}