{"id": "gen8ou-2694413120", "format": "[Gen 8] OU", "players": ["ebxx", "sanos"], "log": "|j|\u2606ebxx\n|j|\u2606sanos\n|t:|1791384408\n|gametype|singles\n|player|p1|ebxx|acetrainerf|\n|player|p2|sanos|bianca-pwt|\n|gen|8\n|tier|[Gen 8] OU\n|rule|HP Percentage Mod: HP is shown in percentages\n|rule|Endless Battle Clause: Forcing endless battles is banned\n|rule|Sleep Clause Mod: Limit one foe put to sleep\n|rule|Species Clause: Limit one of each Pok\u00e9mon\n|rule|OHKO Clause: OHKO moves are banned\n|rule|Evasion Items Clause: Evasion items are banned\n|rule|Evasion Moves Clause: Evasion moves are banned\n|rule|Dynamax Clause: You cannot dynamax\n|clearpoke\n|poke|p1|Dragapult, F|\n|poke|p1|Blacephalon|\n|poke|p1|Rillaboom, F|\n|poke|p1|Landorus-Therian, M|\n|poke|p1|Heatran, M|\n|poke|p1|Rotom-Wash|\n|poke|p2|Tapu Lele|\n|poke|p2|Heatran, F|\n|poke|p2|Urshifu-*, M|\n|poke|p2|Landorus-Therian, M|\n|poke|p2|Kartana|\n|poke|p2|Rotom-Wash|\n|teampreview\n|c|\u2606sanos|glhf\n|c|\u2606ebxx|hf\n|\n|t:|1791384440\n|teamsize|p1|6\n|teamsize|p2|6\n|start\n|switch|p1a: Rotom|Rotom-Wash|100/100\n|switch|p2a: Rotom|Rotom-Wash|100/100\n|turn|1\n|\n|t:|1791384450\n|move|p1a: Rotom|Volt Switch|p2a: Rotom\n|-damage|p2a: Rotom|82/100\n|\n|t:|1791384456\n|switch|p1a: Heatran|Heatran, M|100/100|[from] Volt Switch\n|move|p2a: Rotom|Volt Switch|p1a: Heatran\n|-damage|p1a: Heatran|79/100\n|\n|t:|1791384460\n|switch|p2a: Heatran|Heatran, F|100/100|[from] Volt Switch\n|-item|p2a: Heatran|Air Balloon\n|\n|-heal|p1a: Heatran|85/100|[from] item: Leftovers\n|upkeep\n|turn|2\n|\n|t:|1791384474\n|switch|p2a: Kartana|Kartana|100/100\n|switch|p1a: Rotom|Rotom-Wash|100/100\n|\n|upkeep\n|turn|3\n|\n|t:|1791384483\n|switch|p1a: Heatran|Heatran, M|85/100\n|move|p2a: Kartana|Knock Off|p1a: Heatran\n|-damage|p1a: Heatran|60/100\n|-enditem|p1a: Heatran|Leftovers|[from] move: Knock Off|[of] p2a: Kartana\n|\n|upkeep\n|turn|4\n|\n|t:|1791384496\n|switch|p2a: Landorus|Landorus-Therian, M|100/100\n|-ability|p2a: Landorus|Intimidate|boost\n|-unboost|p1a: Heatran|atk|1\n|move|p1a: Heatran|Heavy Slam|p2a: Landorus\n|-damage|p2a: Landorus|82/100\n|\n|-heal|p2a: Landorus|88/100|[from] item: Leftovers\n|upkeep\n|turn|5\n|\n|t:|1791384515\n|switch|p1a: Rotom|Rotom-Wash|100/100\n|move|p2a: Landorus|Knock Off|p1a: Rotom\n|-damage|p1a: Rotom|66/100\n|-enditem|p1a: Rotom|Leftovers|[from] move: Knock Off|[of] p2a: Landorus\n|\n|-heal|p2a: Landorus|94/100|[from] item: Leftovers\n|upkeep\n|turn|6\n|\n|t:|1791384530\n|switch|p2a: Kartana|Kartana|100/100\n|move|p1a: Rotom|Hydro Pump|p2a: Kartana\n|-resisted|p2a: Kartana\n|-damage|p2a: Kartana|36/100\n|\n|upkeep\n|turn|7\n|\n|t:|1791384539\n|switch|p1a: Landorus|Landorus-Therian, M|100/100\n|-ability|p1a: Landorus|Intimidate|boost\n|-unboost|p2a: Kartana|atk|1\n|move|p2a: Kartana|Swords Dance|p2a: Kartana\n|-boost|p2a: Kartana|atk|2\n|\n|upkeep\n|turn|8\n|\n|t:|1791384546\n|switch|p2a: Landorus|Landorus-Therian, M|94/100\n|-ability|p2a: Landorus|Intimidate|boost\n|-unboost|p1a: Landorus|atk|1\n|move|p1a: Landorus|Earthquake|p2a: Landorus\n|-immune|p2a: Landorus\n|\n|-heal|p2a: Landorus|99/100|[from] item: Leftovers\n|upkeep\n|turn|9\n|\n|t:|1791384553\n|move|p1a: Landorus|U-turn|p2a: Landorus\n|-resisted|p2a: Landorus\n|-crit|p2a: Landorus\n|-damage|p2a: Landorus|85/100\n|\n|t:|1791384556\n|switch|p1a: Rotom|Rotom-Wash|66/100|[from] U-turn\n|move|p2a: Landorus|Earthquake|p1a: Rotom\n|-immune|p1a: Rotom|[from] ability: Levitate\n|\n|-heal|p2a: Landorus|91/100|[from] item: Leftovers\n|upkeep\n|turn|10\n|\n|t:|1791384565\n|move|p1a: Rotom|Volt Switch|p2a: Landorus\n|-immune|p2a: Landorus\n|move|p2a: Landorus|U-turn|p1a: Rotom\n|-damage|p1a: Rotom|43/100\n|\n|t:|1791384574\n|switch|p2a: Tapu Lele|Tapu Lele|100/100|[from] U-turn\n|-fieldstart|move: Psychic Terrain|[from] ability: Psychic Surge|[of] p2a: Tapu Lele\n|\n|upkeep\n|turn|11\n|\n|t:|1791384582\n|switch|p1a: Heatran|Heatran, M|60/100\n|move|p2a: Tapu Lele|Psyshock|p1a: Heatran\n|-resisted|p1a: Heatran\n|-damage|p1a: Heatran|42/100\n|\n|upkeep\n|turn|12\n|\n|t:|1791384590\n|switch|p2a: Heatran|Heatran, F|100/100\n|-item|p2a: Heatran|Air Balloon\n|move|p1a: Heatran|Stealth Rock|p2a: Heatran\n|-sidestart|p2: sanos|move: Stealth Rock\n|\n|upkeep\n|turn|13\n|\n|t:|1791384601\n|switch|p1a: Rotom|Rotom-Wash|43/100\n|move|p2a: Heatran|Stealth Rock|p1a: Rotom\n|-sidestart|p1: ebxx|move: Stealth Rock\n|\n|upkeep\n|turn|14\n|\n|t:|1791384620\n|switch|p2a: Tapu Lele|Tapu Lele|100/100\n|-damage|p2a: Tapu Lele|88/100|[from] Stealth Rock\n|move|p1a: Rotom|Pain Split|p2a: Tapu Lele\n|-sethp|p2a: Tapu Lele|67/100|[from] move: Pain Split|[silent]\n|-sethp|p1a: Rotom|62/100|[from] move: Pain Split\n|\n|-fieldend|move: Psychic Terrain\n|upkeep\n|turn|15\n|\n|t:|1791384649\n|switch|p1a: Heatran|Heatran, M|42/100\n|-damage|p1a: Heatran|30/100|[from] Stealth Rock\n|move|p2a: Tapu Lele|Moonblast|p1a: Heatran\n|-resisted|p1a: Heatran\n|-damage|p1a: Heatran|18/100\n|\n|upkeep\n|turn|16\n|\n|t:|1791384654\n|switch|p2a: Rotom|Rotom-Wash|82/100\n|-damage|p2a: Rotom|70/100|[from] Stealth Rock\n|move|p1a: Heatran|Heavy Slam|p2a: Rotom\n|-resisted|p2a: Rotom\n|-damage|p2a: Rotom|60/100\n|\n|-heal|p2a: Rotom|67/100|[from] item: Leftovers\n|upkeep\n|turn|17\n|\n|t:|1791384676\n|switch|p1a: Rillaboom|Rillaboom, F|100/100\n|-damage|p1a: Rillaboom|88/100|[from] Stealth Rock\n|-fieldstart|move: Grassy Terrain|[from] ability: Grassy Surge|[of] p1a: Rillaboom\n|move|p2a: Rotom|Volt Switch|p1a: Rillaboom\n|-resisted|p1a: Rillaboom\n|-damage|p1a: Rillaboom|74/100\n|\n|t:|1791384683\n|switch|p2a: Kartana|Kartana|36/100|[from] Volt Switch\n|-damage|p2a: Kartana|29/100|[from] Stealth Rock\n|\n|-heal|p2a: Kartana|36/100|[from] Grassy Terrain\n|-heal|p1a: Rillaboom|80/100|[from] Grassy Terrain\n|-heal|p1a: Rillaboom|87/100|[from] item: Leftovers\n|upkeep\n|turn|18\n|\n|t:|1791384690\n|move|p2a: Kartana|Knock Off|p1a: Rillaboom\n|-damage|p1a: Rillaboom|49/100\n|-enditem|p1a: Rillaboom|Leftovers|[from] move: Knock Off|[of] p2a: Kartana\n|move|p1a: Rillaboom|Drain Punch|p2a: Kartana\n|-supereffective|p2a: Kartana\n|-damage|p2a: Kartana|0 fnt\n|-heal|p1a: Rillaboom|60/100|[from] drain|[of] p2a: Kartana\n|faint|p2a: Kartana\n|\n|-heal|p1a: Rillaboom|66/100|[from] Grassy Terrain\n|upkeep\n|\n|t:|1791384704\n|switch|p2a: Landorus|Landorus-Therian, M|91/100\n|-damage|p2a: Landorus|78/100|[from] Stealth Rock\n|-ability|p2a: Landorus|Intimidate|boost\n|-unboost|p1a: Rillaboom|atk|1\n|turn|19\n|\n|t:|1791384713\n|switch|p1a: Heatran|Heatran, M|18/100\n|-damage|p1a: Heatran|5/100|[from] Stealth Rock\n|move|p2a: Landorus|U-turn|p1a: Heatran\n|-resisted|p1a: Heatran\n|-damage|p1a: Heatran|2/100\n|c|\u2606sanos|mb\n|\n|t:|1791384722\n|switch|p2a: Tapu Lele|Tapu Lele|67/100|[from] U-turn\n|-damage|p2a: Tapu Lele|55/100|[from] Stealth Rock\n|-fieldstart|move: Psychic Terrain|[from] ability: Psychic Surge|[of] p2a: Tapu Lele\n|\n|upkeep\n|turn|20\n|\n|t:|1791384730\n|move|p2a: Tapu Lele|Psyshock|p1a: Heatran\n|-resisted|p1a: Heatran\n|-damage|p1a: Heatran|0 fnt\n|faint|p1a: Heatran\n|\n|upkeep\n|\n|t:|1791384736\n|switch|p1a: Blacephalon|Blacephalon|100/100\n|-damage|p1a: Blacephalon|76/100|[from] Stealth Rock\n|turn|21\n|\n|t:|1791384746\n|switch|p2a: Landorus|Landorus-Therian, M|78/100\n|-damage|p2a: Landorus|66/100|[from] Stealth Rock\n|-ability|p2a: Landorus|Intimidate|boost\n|-unboost|p1a: Blacephalon|atk|1\n|move|p1a: Blacephalon|Shadow Ball|p2a: Landorus\n|-damage|p2a: Landorus|27/100\n|\n|-heal|p2a: Landorus|33/100|[from] item: Leftovers\n|upkeep\n|turn|22\n|\n|t:|1791384797\n|switch|p2a: Heatran|Heatran, F|100/100\n|-damage|p2a: Heatran|88/100|[from] Stealth Rock\n|-item|p2a: Heatran|Air Balloon\n|move|p1a: Blacephalon|Shadow Ball|p2a: Heatran\n|-damage|p2a: Heatran|39/100\n|-enditem|p2a: Heatran|Air Balloon\n|\n|upkeep\n|turn|23\n|\n|t:|1791384805\n|move|p1a: Blacephalon|Shadow Ball|p2a: Heatran\n|-damage|p2a: Heatran|0 fnt\n|faint|p2a: Heatran\n|-ability|p1a: Blacephalon|Beast Boost|boost\n|-boost|p1a: Blacephalon|spa|1\n|\n|-fieldend|move: Psychic Terrain\n|upkeep\n|\n|t:|1791384807\n|switch|p2a: Urshifu|Urshifu-Rapid-Strike, M|100/100\n|-damage|p2a: Urshifu|94/100|[from] Stealth Rock\n|turn|24\n|\n|t:|1791384821\n|switch|p1a: Rotom|Rotom-Wash|62/100\n|-damage|p1a: Rotom|50/100|[from] Stealth Rock\n|move|p2a: Urshifu|Aqua Jet|p1a: Rotom\n|-resisted|p1a: Rotom\n|-damage|p1a: Rotom|34/100\n|\n|upkeep\n|turn|25\n|\n|t:|1791384834\n|switch|p2a: Rotom|Rotom-Wash|67/100\n|-damage|p2a: Rotom|54/100|[from] Stealth Rock\n|move|p1a: Rotom|Hydro Pump|p2a: Rotom\n|-resisted|p2a: Rotom\n|-damage|p2a: Rotom|38/100\n|\n|-heal|p2a: Rotom|45/100|[from] item: Leftovers\n|upkeep\n|turn|26\n|\n|t:|1791384843\n|move|p1a: Rotom|Volt Switch|p2a: Rotom\n|-damage|p2a: Rotom|26/100\n|\n|t:|1791384846\n|switch|p1a: Landorus|Landorus-Therian, M|100/100|[from] Volt Switch\n|-damage|p1a: Landorus|88/100|[from] Stealth Rock\n|-ability|p1a: Landorus|Intimidate|boost\n|-unboost|p2a: Rotom|atk|1\n|move|p2a: Rotom|Will-O-Wisp|p1a: Landorus\n|-status|p1a: Landorus|brn\n|\n|-heal|p1a: Landorus|94/100 brn|[from] item: Leftovers\n|-heal|p2a: Rotom|32/100|[from] item: Leftovers\n|-damage|p1a: Landorus|88/100 brn|[from] brn\n|upkeep\n|turn|27\n|\n|t:|1791384852\n|move|p1a: Landorus|Defog|p2a: Rotom\n|-unboost|p2a: Rotom|evasion|1\n|-sideend|p2: sanos|Stealth Rock|[from] move: Defog|[of] p1a: Landorus\n|-sideend|p1: ebxx|Stealth Rock|[from] move: Defog|[of] p1a: Landorus\n|move|p2a: Rotom|Pain Split|p1a: Landorus\n|-sethp|p1a: Landorus|57/100 brn|[from] move: Pain Split|[silent]\n|-sethp|p2a: Rotom|71/100|[from] move: Pain Split\n|\n|-heal|p1a: Landorus|63/100 brn|[from] item: Leftovers\n|-heal|p2a: Rotom|77/100|[from] item: Leftovers\n|-damage|p1a: Landorus|57/100 brn|[from] brn\n|upkeep\n|turn|28\n|\n|t:|1791384859\n|move|p1a: Landorus|U-turn|p2a: Rotom\n|-damage|p2a: Rotom|66/100\n|\n|t:|1791384864\n|switch|p1a: Rillaboom|Rillaboom, F|66/100|[from] U-turn\n|-fieldstart|move: Grassy Terrain|[from] ability: Grassy Surge|[of] p1a: Rillaboom\n|move|p2a: Rotom|Volt Switch|p1a: Rillaboom\n|-resisted|p1a: Rillaboom\n|-damage|p1a: Rillaboom|53/100\n|\n|t:|1791384912\n|switch|p2a: Landorus|Landorus-Therian, M|33/100|[from] Volt Switch\n|-ability|p2a: Landorus|Intimidate|boost\n|-unboost|p1a: Rillaboom|atk|1\n|\n|-heal|p1a: Rillaboom|59/100|[from] Grassy Terrain\n|-heal|p2a: Landorus|39/100|[from] item: Leftovers\n|upkeep\n|turn|29\n|\n|t:|1791384921\n|move|p1a: Rillaboom|Knock Off|p2a: Landorus\n|-damage|p2a: Landorus|20/100\n|-enditem|p2a: Landorus|Leftovers|[from] move: Knock Off|[of] p1a: Rillaboom\n|move|p2a: Landorus|U-turn|p1a: Rillaboom\n|-supereffective|p1a: Rillaboom\n|-damage|p1a: Rillaboom|18/100\n|\n|t:|1791384931\n|switch|p2a: Tapu Lele|Tapu Lele|55/100|[from] U-turn\n|-fieldstart|move: Psychic Terrain|[from] ability: Psychic Surge|[of] p2a: Tapu Lele\n|\n|upkeep\n|turn|30\n|\n|t:|1791384937\n|switch|p2a: Landorus|Landorus-Therian, M|20/100\n|-ability|p2a: Landorus|Intimidate|boost\n|-unboost|p1a: Rillaboom|atk|1\n|switch|p1a: Rotom|Rotom-Wash|34/100\n|\n|upkeep\n|turn|31\n|\n|t:|1791384944\n|move|p1a: Rotom|Hydro Pump|p2a: Landorus|[miss]\n|-miss|p1a: Rotom|p2a: Landorus\n|move|p2a: Landorus|U-turn|p1a: Rotom\n|-damage|p1a: Rotom|10/100\n|c|\u2606sanos|mb\n|\n|t:|1791384950\n|switch|p2a: Urshifu|Urshifu-Rapid-Strike, M|94/100|[from] U-turn\n|\n|upkeep\n|turn|32\n|c|\u2606ebxx|nw\n|\n|t:|1791384963\n|move|p2a: Urshifu|U-turn|p1a: Rotom\n|-damage|p1a: Rotom|0 fnt\n|faint|p1a: Rotom\n|\n|t:|1791384965\n|switch|p2a: Rotom|Rotom-Wash|66/100|[from] U-turn\n|\n|-heal|p2a: Rotom|72/100|[from] item: Leftovers\n|upkeep\n|\n|t:|1791384973\n|switch|p1a: Dragapult|Dragapult, F|100/100\n|turn|33\n|\n|t:|1791384987\n|move|p1a: Dragapult|Draco Meteor|p2a: Rotom\n|-damage|p2a: Rotom|12/100\n|-unboost|p1a: Dragapult|spa|2\n|move|p2a: Rotom|Pain Split|p1a: Dragapult\n|-sethp|p1a: Dragapult|56/100|[from] move: Pain Split|[silent]\n|-sethp|p2a: Rotom|58/100|[from] move: Pain Split\n|\n|-heal|p2a: Rotom|64/100|[from] item: Leftovers\n|-fieldend|move: Psychic Terrain\n|upkeep\n|turn|34\n|\n|t:|1791384998\n|switch|p1a: Landorus|Landorus-Therian, M|57/100 brn\n|-ability|p1a: Landorus|Intimidate|boost\n|-unboost|p2a: Rotom|atk|1\n|move|p2a: Rotom|Volt Switch|p1a: Landorus\n|-immune|p1a: Landorus\n|\n|-heal|p1a: Landorus|63/100 brn|[from] item: Leftovers\n|-heal|p2a: Rotom|71/100|[from] item: Leftovers\n|-damage|p1a: Landorus|57/100 brn|[from] brn\n|upkeep\n|turn|35\n|\n|t:|1791385005\n|move|p1a: Landorus|Knock Off|p2a: Rotom\n|-damage|p2a: Rotom|55/100\n|-enditem|p2a: Rotom|Leftovers|[from] move: Knock Off|[of] p1a: Landorus\n|move|p2a: Rotom|Hydro Pump|p1a: Landorus\n|-supereffective|p1a: Landorus\n|-damage|p1a: Landorus|0 fnt\n|faint|p1a: Landorus\n|\n|upkeep\n|\n|t:|1791385014\n|switch|p1a: Rillaboom|Rillaboom, F|18/100\n|-fieldstart|move: Grassy Terrain|[from] ability: Grassy Surge|[of] p1a: Rillaboom\n|turn|36\n|\n|t:|1791385021\n|switch|p2a: Landorus|Landorus-Therian, M|20/100\n|-ability|p2a: Landorus|Intimidate|boost\n|-unboost|p1a: Rillaboom|atk|1\n|move|p1a: Rillaboom|Grassy Glide|p2a: Landorus\n|-damage|p2a: Landorus|0 fnt\n|faint|p2a: Landorus\n|\n|-heal|p1a: Rillaboom|25/100|[from] Grassy Terrain\n|upkeep\n|\n|t:|1791385086\n|switch|p2a: Tapu Lele|Tapu Lele|55/100\n|-fieldstart|move: Psychic Terrain|[from] ability: Psychic Surge|[of] p2a: Tapu Lele\n|turn|37\n|\n|t:|1791385094\n|switch|p2a: Urshifu|Urshifu-Rapid-Strike, M|94/100\n|move|p1a: Rillaboom|Grassy Glide|p2a: Urshifu\n|-supereffective|p2a: Urshifu\n|-damage|p2a: Urshifu|41/100\n|\n|upkeep\n|turn|38\n|\n|t:|1791385106\n|switch|p1a: Dragapult|Dragapult, F|56/100\n|move|p2a: Urshifu|U-turn|p1a: Dragapult\n|-resisted|p1a: Dragapult\n|-damage|p1a: Dragapult|31/100\n|\n|t:|1791385110\n|switch|p2a: Tapu Lele|Tapu Lele|55/100|[from] U-turn\n|\n|upkeep\n|turn|39\n|\n|t:|1791385125\n|move|p2a: Tapu Lele|Future Sight|p1a: Dragapult\n|-start|p2a: Tapu Lele|move: Future Sight\n|move|p1a: Dragapult|Shadow Ball|p2a: Tapu Lele\n|-supereffective|p2a: Tapu Lele\n|-damage|p2a: Tapu Lele|0 fnt\n|faint|p2a: Tapu Lele\n|\n|upkeep\n|\n|t:|1791385128\n|switch|p2a: Rotom|Rotom-Wash|55/100\n|turn|40\n|\n|t:|1791385135\n|switch|p1a: Rillaboom|Rillaboom, F|25/100\n|-fieldstart|move: Grassy Terrain|[from] ability: Grassy Surge|[of] p1a: Rillaboom\n|move|p2a: Rotom|Hydro Pump|p1a: Rillaboom\n|-resisted|p1a: Rillaboom\n|-damage|p1a: Rillaboom|4/100\n|\n|-heal|p1a: Rillaboom|10/100|[from] Grassy Terrain\n|upkeep\n|turn|41\n|\n|t:|1791385153\n|switch|p1a: Dragapult|Dragapult, F|31/100\n|move|p2a: Rotom|Volt Switch|p1a: Dragapult\n|-resisted|p1a: Dragapult\n|-damage|p1a: Dragapult|12/100\n|\n|t:|1791385156\n|switch|p2a: Urshifu|Urshifu-Rapid-Strike, M|41/100|[from] Volt Switch\n|\n|-end|p1a: Dragapult|move: Future Sight\n|-damage|p1a: Dragapult|0 fnt\n|faint|p1a: Dragapult\n|-heal|p2a: Urshifu|47/100|[from] Grassy Terrain\n|upkeep\n|\n|t:|1791385159\n|switch|p1a: Rillaboom|Rillaboom, F|10/100\n|turn|42\n|\n|t:|1791385161\n|move|p2a: Urshifu|Aqua Jet|p1a: Rillaboom\n|-resisted|p1a: Rillaboom\n|-damage|p1a: Rillaboom|0 fnt\n|faint|p1a: Rillaboom\n|\n|-heal|p2a: Urshifu|53/100|[from] Grassy Terrain\n|upkeep\n|c|\u2606ebxx|gg\n|c|\u2606sanos|ggs\n|\n|t:|1791385167\n|switch|p1a: Blacephalon|Blacephalon|76/100\n|turn|43\n|\n|t:|1791385169\n|move|p2a: Urshifu|Aqua Jet|p1a: Blacephalon\n|-supereffective|p1a: Blacephalon\n|-damage|p1a: Blacephalon|0 fnt\n|faint|p1a: Blacephalon\n|\n|win|sanos\n|l|\u2606ebxx\n|player|p1|\n", "uploadtime": 1791385175, "views": "97", "formatid": "gen8ou", "rating": null, "private": 0, "password": null}