{"id": "gen8ou-2691737331", "format": "[Gen 8] OU", "players": ["papalanches44", "BannedList"], "log": "|j|\u2606papalanches44\n|j|\u2606BannedList\n|t:|1790961174\n|gametype|singles\n|player|p1|papalanches44|giovanni|\n|player|p2|BannedList|#adpl9|\n|gen|8\n|tier|[Gen 8] OU\n|rule|HP Percentage Mod: HP is shown in percentages\n|rule|Endless Battle Clause: Forcing endless battles is banned\n|rule|Sleep Clause Mod: Limit one foe put to sleep\n|rule|Species Clause: Limit one of each Pok\u00e9mon\n|rule|OHKO Clause: OHKO moves are banned\n|rule|Evasion Items Clause: Evasion items are banned\n|rule|Evasion Moves Clause: Evasion moves are banned\n|rule|Dynamax Clause: You cannot dynamax\n|clearpoke\n|poke|p1|Landorus-Therian, M|\n|poke|p1|Rillaboom, M|\n|poke|p1|Melmetal|\n|poke|p1|Urshifu-*, F|\n|poke|p1|Weavile, F|\n|poke|p1|Zapdos|\n|poke|p2|Tapu Fini|\n|poke|p2|Dragonite, F|\n|poke|p2|Tapu Lele|\n|poke|p2|Magnezone|\n|poke|p2|Landorus-Therian, M|\n|poke|p2|Garchomp, M|\n|teampreview\n|inactive|Battle timer is ON: inactive players will automatically lose when time's up. (requested by BannedList)\n|c|\u2606papalanches44|glhf\n|c|\u2606papalanches44|e belo CA\n|c|\u2606BannedList|u2\n|c|\u2606BannedList|ty\n|inactive|BannedList has 270 seconds left.\n|\n|t:|1790961205\n|teamsize|p1|6\n|teamsize|p2|6\n|start\n|switch|p1a: Landorus|Landorus-Therian, M|100/100\n|switch|p2a: Landorus|Landorus-Therian, M|100/100\n|-ability|p1a: Landorus|Intimidate|boost\n|-unboost|p2a: Landorus|atk|1\n|-ability|p2a: Landorus|Intimidate|boost\n|-unboost|p1a: Landorus|atk|1\n|turn|1\n|\n|t:|1790961214\n|move|p1a: Landorus|Stealth Rock|p2a: Landorus\n|-sidestart|p2: BannedList|move: Stealth Rock\n|move|p2a: Landorus|Knock Off|p1a: Landorus\n|-damage|p1a: Landorus|77/100\n|-enditem|p1a: Landorus|Focus Sash|[from] move: Knock Off|[of] p2a: Landorus\n|\n|upkeep\n|turn|2\n|\n|t:|1790961220\n|move|p1a: Landorus|Stone Edge|p2a: Landorus\n|-damage|p2a: Landorus|77/100\n|move|p2a: Landorus|Stealth Rock|p1a: Landorus\n|-sidestart|p1: papalanches44|move: Stealth Rock\n|\n|-heal|p2a: Landorus|83/100|[from] item: Leftovers\n|upkeep\n|turn|3\n|\n|t:|1790961229\n|move|p1a: Landorus|Explosion|p2a: Landorus\n|-damage|p2a: Landorus|19/100\n|faint|p1a: Landorus\n|move|p2a: Landorus|Knock Off|p1: Landorus|[notarget]\n|-fail|p2a: Landorus\n|\n|-heal|p2a: Landorus|25/100|[from] item: Leftovers\n|upkeep\n|\n|t:|1790961251\n|switch|p1a: Urshifu|Urshifu-Rapid-Strike, F|100/100\n|-damage|p1a: Urshifu|94/100|[from] Stealth Rock\n|turn|4\n|\n|t:|1790961257\n|switch|p2a: Tapu Fini|Tapu Fini|100/100\n|-damage|p2a: Tapu Fini|88/100|[from] Stealth Rock\n|-fieldstart|move: Misty Terrain|[from] ability: Misty Surge|[of] p2a: Tapu Fini\n|move|p1a: Urshifu|Surging Strikes|p2a: Tapu Fini\n|-resisted|p2a: Tapu Fini\n|-crit|p2a: Tapu Fini\n|-damage|p2a: Tapu Fini|79/100\n|-resisted|p2a: Tapu Fini\n|-crit|p2a: Tapu Fini\n|-damage|p2a: Tapu Fini|68/100\n|-resisted|p2a: Tapu Fini\n|-crit|p2a: Tapu Fini\n|-damage|p2a: Tapu Fini|58/100\n|-hitcount|p2a: Tapu Fini|3\n|\n|upkeep\n|turn|5\n|\n|t:|1790961262\n|switch|p1a: Melmetal|Melmetal|100/100\n|-damage|p1a: Melmetal|94/100|[from] Stealth Rock\n|move|p2a: Tapu Fini|Moonblast|p1a: Melmetal\n|-resisted|p1a: Melmetal\n|-damage|p1a: Melmetal|84/100\n|\n|upkeep\n|turn|6\n|\n|t:|1790961265\n|switch|p2a: Landorus|Landorus-Therian, M|25/100\n|-damage|p2a: Landorus|13/100|[from] Stealth Rock\n|-ability|p2a: Landorus|Intimidate|boost\n|-unboost|p1a: Melmetal|atk|1\n|move|p1a: Melmetal|Double Iron Bash|p2a: Landorus\n|-damage|p2a: Landorus|0 fnt\n|faint|p2a: Landorus\n|-hitcount|p2: Landorus|1\n|\n|upkeep\n|\n|t:|1790961268\n|switch|p2a: Magnezone|Magnezone|100/100\n|-damage|p2a: Magnezone|94/100|[from] Stealth Rock\n|turn|7\n|\n|t:|1790961271\n|move|p2a: Magnezone|Iron Defense|p2a: Magnezone\n|-boost|p2a: Magnezone|def|2\n|move|p1a: Melmetal|Earthquake|p2a: Magnezone\n|-supereffective|p2a: Magnezone\n|-damage|p2a: Magnezone|57/100\n|\n|upkeep\n|turn|8\n|\n|t:|1790961276\n|move|p2a: Magnezone|Body Press|p1a: Melmetal\n|-supereffective|p1a: Melmetal\n|-damage|p1a: Melmetal|18/100\n|move|p1a: Melmetal|Earthquake|p2a: Magnezone\n|-supereffective|p2a: Magnezone\n|-damage|p2a: Magnezone|22/100\n|\n|-fieldend|Misty Terrain\n|upkeep\n|turn|9\n|\n|t:|1790961284\n|move|p2a: Magnezone|Body Press|p1a: Melmetal\n|-supereffective|p1a: Melmetal\n|-damage|p1a: Melmetal|0 fnt\n|faint|p1a: Melmetal\n|\n|upkeep\n|\n|t:|1790961292\n|switch|p1a: Weavile|Weavile, F|100/100\n|-damage|p1a: Weavile|76/100|[from] Stealth Rock\n|-ability|p1a: Weavile|Pressure\n|turn|10\n|\n|t:|1790961299\n|move|p1a: Weavile|Knock Off|p2a: Magnezone\n|-damage|p2a: Magnezone|0 fnt\n|-damage|p1a: Weavile|59/100|[from] item: Rocky Helmet|[of] p2a: Magnezone\n|-enditem|p2a: Magnezone|Rocky Helmet|[from] move: Knock Off|[of] p1a: Weavile\n|faint|p2a: Magnezone\n|\n|upkeep\n|\n|t:|1790961313\n|switch|p2a: Dragonite|Dragonite, F|100/100\n|turn|11\n|\n|t:|1790961318\n|switch|p1a: Zapdos|Zapdos|100/100\n|move|p2a: Dragonite|Dragon Dance|p2a: Dragonite\n|-boost|p2a: Dragonite|atk|1\n|-boost|p2a: Dragonite|spe|1\n|\n|upkeep\n|turn|12\n|\n|t:|1790961326\n|move|p2a: Dragonite|Ice Punch|p1a: Zapdos\n|-supereffective|p1a: Zapdos\n|-damage|p1a: Zapdos|46/100\n|-status|p2a: Dragonite|par|[from] ability: Static|[of] p1a: Zapdos\n|move|p1a: Zapdos|Defog|p2a: Dragonite\n|-unboost|p2a: Dragonite|evasion|1\n|-sideend|p2: BannedList|Stealth Rock|[from] move: Defog|[of] p1a: Zapdos\n|-sideend|p1: papalanches44|Stealth Rock|[from] move: Defog|[of] p1a: Zapdos\n|\n|upkeep\n|turn|13\n|\n|t:|1790961333\n|move|p1a: Zapdos|Roost|p1a: Zapdos\n|-heal|p1a: Zapdos|96/100\n|-singleturn|p1a: Zapdos|move: Roost\n|move|p2a: Dragonite|Earthquake|p1a: Zapdos\n|-supereffective|p1a: Zapdos\n|-damage|p1a: Zapdos|21/100\n|\n|upkeep\n|turn|14\n|\n|t:|1790961340\n|move|p1a: Zapdos|Volt Switch|p2a: Dragonite\n|-damage|p2a: Dragonite|85/100 par\n|\n|t:|1790961344\n|switch|p1a: Urshifu|Urshifu-Rapid-Strike, F|94/100|[from] Volt Switch\n|move|p2a: Dragonite|Dragon Dance|p2a: Dragonite\n|-boost|p2a: Dragonite|atk|1\n|-boost|p2a: Dragonite|spe|1\n|\n|upkeep\n|turn|15\n|\n|t:|1790961348\n|move|p1a: Urshifu|Ice Punch|p2a: Dragonite\n|-supereffective|p2a: Dragonite\n|-damage|p2a: Dragonite|0 fnt\n|faint|p2a: Dragonite\n|\n|upkeep\n|\n|t:|1790961353\n|switch|p2a: Tapu Fini|Tapu Fini|58/100\n|-fieldstart|move: Misty Terrain|[from] ability: Misty Surge|[of] p2a: Tapu Fini\n|turn|16\n|\n|t:|1790961359\n|switch|p1a: Zapdos|Zapdos|21/100\n|move|p2a: Tapu Fini|Moonblast|p1a: Zapdos\n|-damage|p1a: Zapdos|0 fnt\n|faint|p1a: Zapdos\n|\n|upkeep\n|\n|t:|1790961363\n|switch|p1a: Rillaboom|Rillaboom, M|100/100\n|-fieldstart|move: Grassy Terrain|[from] ability: Grassy Surge|[of] p1a: Rillaboom\n|turn|17\n|\n|t:|1790961365\n|switch|p2a: Tapu Lele|Tapu Lele|100/100\n|-fieldstart|move: Psychic Terrain|[from] ability: Psychic Surge|[of] p2a: Tapu Lele\n|move|p1a: Rillaboom|Grassy Glide|p2a: Tapu Lele\n|-damage|p2a: Tapu Lele|52/100\n|\n|upkeep\n|turn|18\n|\n|t:|1790961372\n|move|p2a: Tapu Lele|Draining Kiss|p1a: Rillaboom\n|-damage|p1a: Rillaboom|66/100\n|-heal|p2a: Tapu Lele|84/100|[from] drain|[of] p1a: Rillaboom\n|move|p1a: Rillaboom|Knock Off|p2a: Tapu Lele\n|-damage|p2a: Tapu Lele|36/100\n|-enditem|p2a: Tapu Lele|Twisted Spoon|[from] move: Knock Off|[of] p1a: Rillaboom\n|\n|-heal|p1a: Rillaboom|72/100|[from] item: Leftovers\n|upkeep\n|turn|19\n|\n|t:|1790961390\n|switch|p1a: Weavile|Weavile, F|59/100\n|-ability|p1a: Weavile|Pressure\n|move|p2a: Tapu Lele|Draining Kiss|p1a: Weavile\n|-supereffective|p1a: Weavile\n|-damage|p1a: Weavile|0 fnt\n|-heal|p2a: Tapu Lele|73/100|[from] drain|[of] p1a: Weavile\n|faint|p1a: Weavile\n|\n|upkeep\n|\n|t:|1790961397\n|switch|p1a: Urshifu|Urshifu-Rapid-Strike, F|94/100\n|turn|20\n|\n|t:|1790961405\n|switch|p2a: Garchomp|Garchomp, M|100/100\n|move|p1a: Urshifu|U-turn|p2a: Garchomp\n|-damage|p2a: Garchomp|77/100\n|-damage|p1a: Urshifu|82/100|[from] ability: Rough Skin|[of] p2a: Garchomp\n|\n|t:|1790961408\n|switch|p1a: Rillaboom|Rillaboom, M|72/100|[from] U-turn\n|-fieldstart|move: Grassy Terrain|[from] ability: Grassy Surge|[of] p1a: Rillaboom\n|\n|-heal|p2a: Garchomp|83/100|[from] Grassy Terrain\n|-heal|p2a: Garchomp|90/100|[from] item: Leftovers\n|-heal|p1a: Rillaboom|79/100|[from] Grassy Terrain\n|-heal|p1a: Rillaboom|85/100|[from] item: Leftovers\n|upkeep\n|turn|21\n|\n|t:|1790961419\n|move|p1a: Rillaboom|Grassy Glide|p2a: Garchomp\n|-damage|p2a: Garchomp|38/100\n|-damage|p1a: Rillaboom|72/100|[from] ability: Rough Skin|[of] p2a: Garchomp\n|move|p2a: Garchomp|Scale Shot|p1a: Rillaboom\n|-damage|p1a: Rillaboom|59/100\n|-damage|p1a: Rillaboom|47/100\n|-damage|p1a: Rillaboom|36/100\n|-damage|p1a: Rillaboom|23/100\n|-hitcount|p1a: Rillaboom|4\n|-unboost|p2a: Garchomp|def|1\n|-boost|p2a: Garchomp|spe|1\n|\n|-heal|p2a: Garchomp|44/100|[from] Grassy Terrain\n|-heal|p2a: Garchomp|50/100|[from] item: Leftovers\n|-heal|p1a: Rillaboom|29/100|[from] Grassy Terrain\n|-heal|p1a: Rillaboom|35/100|[from] item: Leftovers\n|upkeep\n|turn|22\n|\n|t:|1790961425\n|move|p1a: Rillaboom|Grassy Glide|p2a: Garchomp\n|-damage|p2a: Garchomp|0 fnt\n|-damage|p1a: Rillaboom|23/100|[from] ability: Rough Skin|[of] p2a: Garchomp\n|faint|p2a: Garchomp\n|\n|-heal|p1a: Rillaboom|29/100|[from] Grassy Terrain\n|-heal|p1a: Rillaboom|35/100|[from] item: Leftovers\n|upkeep\n|\n|t:|1790961426\n|switch|p2a: Tapu Fini|Tapu Fini|58/100\n|-fieldstart|move: Misty Terrain|[from] ability: Misty Surge|[of] p2a: Tapu Fini\n|turn|23\n|\n|t:|1790961442\n|move|p2a: Tapu Fini|Moonblast|p1a: Rillaboom\n|-damage|p1a: Rillaboom|0 fnt\n|faint|p1a: Rillaboom\n|\n|upkeep\n|\n|t:|1790961444\n|switch|p1a: Urshifu|Urshifu-Rapid-Strike, F|82/100\n|turn|24\n|\n|t:|1790961449\n|move|p1a: Urshifu|Surging Strikes|p2a: Tapu Fini\n|-resisted|p2a: Tapu Fini\n|-crit|p2a: Tapu Fini\n|-damage|p2a: Tapu Fini|47/100\n|-resisted|p2a: Tapu Fini\n|-crit|p2a: Tapu Fini\n|-damage|p2a: Tapu Fini|36/100\n|-resisted|p2a: Tapu Fini\n|-crit|p2a: Tapu Fini\n|-damage|p2a: Tapu Fini|26/100\n|-hitcount|p2a: Tapu Fini|3\n|move|p2a: Tapu Fini|Moonblast|p1a: Urshifu\n|-supereffective|p1a: Urshifu\n|-damage|p1a: Urshifu|0 fnt\n|faint|p1a: Urshifu\n|\n|win|BannedList\n|c|\u2606papalanches44|gg\n|c|\u2606BannedList|gg\n", "uploadtime": 1790961453, "views": "27", "formatid": "gen8ou", "rating": null, "private": 0, "password": null}