{"id": "gen8ou-2690426122", "format": "[Gen 8] OU", "players": ["Apostles Warning", "Artorias21"], "log": "|j|\u2606Apostles Warning\n|j|\u2606Artorias21\n|t:|1790777005\n|gametype|singles\n|player|p1|Apostles Warning|silver|1083\n|player|p2|Artorias21|rocketgruntf|1155\n|gen|8\n|tier|[Gen 8] OU\n|rated|\n|rule|HP Percentage Mod: HP is shown in percentages\n|rule|Endless Battle Clause: Forcing endless battles is banned\n|rule|Sleep Clause Mod: Limit one foe put to sleep\n|rule|Species Clause: Limit one of each Pok\u00e9mon\n|rule|OHKO Clause: OHKO moves are banned\n|rule|Evasion Items Clause: Evasion items are banned\n|rule|Evasion Moves Clause: Evasion moves are banned\n|rule|Dynamax Clause: You cannot dynamax\n|clearpoke\n|poke|p1|Corviknight, F|\n|poke|p1|Toxapex, M|\n|poke|p1|Slowking-Galar, F|\n|poke|p1|Blissey, F|\n|poke|p1|Zapdos|\n|poke|p1|Clefable, M|\n|poke|p2|Tapu Koko|\n|poke|p2|Slowking-Galar, M|\n|poke|p2|Moltres|\n|poke|p2|Bisharp, M|\n|poke|p2|Excadrill, M|\n|poke|p2|Tangrowth, M|\n|teampreview\n|inactive|Battle timer is ON: inactive players will automatically lose when time's up. (requested by Apostles Warning)\n|inactive|Artorias21 has 120 seconds left.\n|inactive|Artorias21 has 90 seconds left.\n|\n|t:|1790777109\n|teamsize|p1|6\n|teamsize|p2|6\n|start\n|switch|p1a: Blissey|Blissey, F|100/100\n|switch|p2a: Excadrill|Excadrill, M|100/100\n|-ability|p2a: Excadrill|Mold Breaker\n|turn|1\n|\n|t:|1790777128\n|switch|p1a: Corviknight|Corviknight, F|100/100\n|-ability|p1a: Corviknight|Pressure\n|move|p2a: Excadrill|Stealth Rock|p1a: Corviknight\n|-sidestart|p1: Apostles Warning|move: Stealth Rock\n|\n|upkeep\n|turn|2\n|\n|t:|1790777153\n|switch|p2a: Tapu Koko|Tapu Koko|100/100\n|-fieldstart|move: Electric Terrain|[from] ability: Electric Surge|[of] p2a: Tapu Koko\n|move|p1a: Corviknight|Iron Defense|p1a: Corviknight\n|-boost|p1a: Corviknight|def|2\n|\n|upkeep\n|turn|3\n|\n|t:|1790777167\n|switch|p1a: Blissey|Blissey, F|100/100\n|move|p2a: Tapu Koko|Thunderbolt|p1a: Blissey\n|-damage|p1a: Blissey|83/100\n|\n|upkeep\n|turn|4\n|\n|t:|1790777179\n|move|p2a: Tapu Koko|Volt Switch|p1a: Blissey\n|-damage|p1a: Blissey|70/100\n|\n|t:|1790777191\n|switch|p2a: Bisharp|Bisharp, M|100/100|[from] Volt Switch\n|move|p1a: Blissey|Seismic Toss|p2a: Bisharp\n|-damage|p2a: Bisharp|64/100\n|\n|upkeep\n|turn|5\n|\n|t:|1790777199\n|switch|p1a: Corviknight|Corviknight, F|100/100\n|-damage|p1a: Corviknight|88/100|[from] Stealth Rock\n|-ability|p1a: Corviknight|Pressure\n|move|p2a: Bisharp|Knock Off|p1a: Corviknight\n|-damage|p1a: Corviknight|47/100\n|-damage|p2a: Bisharp|47/100|[from] item: Rocky Helmet|[of] p1a: Corviknight\n|-enditem|p1a: Corviknight|Rocky Helmet|[from] move: Knock Off|[of] p2a: Bisharp\n|-damage|p2a: Bisharp|37/100|[from] item: Life Orb\n|\n|upkeep\n|turn|6\n|\n|t:|1790777213\n|switch|p2a: Tapu Koko|Tapu Koko|100/100\n|move|p1a: Corviknight|Roost|p1a: Corviknight\n|-heal|p1a: Corviknight|97/100\n|-singleturn|p1a: Corviknight|move: Roost\n|\n|-fieldend|move: Electric Terrain\n|upkeep\n|turn|7\n|\n|t:|1790777222\n|switch|p1a: Blissey|Blissey, F|70/100\n|move|p2a: Tapu Koko|Volt Switch|p1a: Blissey\n|-damage|p1a: Blissey|59/100\n|inactive|Artorias21 has 120 seconds left.\n|inactive|Artorias21 has 90 seconds left.\n|\n|t:|1790777296\n|switch|p2a: Tangrowth|Tangrowth, M|100/100|[from] Volt Switch\n|\n|upkeep\n|turn|8\n|\n|t:|1790777304\n|move|p1a: Blissey|Soft-Boiled|p1a: Blissey\n|-heal|p1a: Blissey|100/100\n|move|p2a: Tangrowth|Knock Off|p1a: Blissey\n|-damage|p1a: Blissey|59/100\n|-enditem|p1a: Blissey|Heavy-Duty Boots|[from] move: Knock Off|[of] p2a: Tangrowth\n|\n|upkeep\n|turn|9\n|inactive|Artorias21 has 90 seconds left.\n|\n|t:|1790777319\n|move|p1a: Blissey|Soft-Boiled|p1a: Blissey\n|-heal|p1a: Blissey|100/100\n|move|p2a: Tangrowth|Leech Seed|p1a: Blissey\n|-start|p1a: Blissey|move: Leech Seed\n|\n|-damage|p1a: Blissey|88/100|[from] Leech Seed|[of] p2a: Tangrowth\n|upkeep\n|turn|10\n|inactive|Artorias21 has 90 seconds left.\n|\n|t:|1790777330\n|switch|p1a: Clefable|Clefable, M|100/100\n|-damage|p1a: Clefable|88/100|[from] Stealth Rock\n|switch|p2a: Tapu Koko|Tapu Koko|100/100\n|-fieldstart|move: Electric Terrain|[from] ability: Electric Surge|[of] p2a: Tapu Koko\n|\n|-heal|p1a: Clefable|94/100|[from] item: Leftovers\n|upkeep\n|turn|11\n|inactive|Artorias21 has 90 seconds left.\n|\n|t:|1790777360\n|move|p2a: Tapu Koko|Volt Switch|p1a: Clefable\n|-damage|p1a: Clefable|56/100\n|\n|t:|1790777365\n|switch|p2a: Slowking|Slowking-Galar, M|100/100|[from] Volt Switch\n|move|p1a: Clefable|Calm Mind|p1a: Clefable\n|-boost|p1a: Clefable|spa|1\n|-boost|p1a: Clefable|spd|1\n|\n|-heal|p1a: Clefable|62/100|[from] item: Leftovers\n|upkeep\n|turn|12\n|inactive|Artorias21 has 60 seconds left.\n|\n|t:|1790777397\n|switch|p1a: Corviknight|Corviknight, F|97/100\n|-damage|p1a: Corviknight|84/100|[from] Stealth Rock\n|-ability|p1a: Corviknight|Pressure\n|move|p2a: Slowking|Sludge Bomb|p1a: Corviknight\n|-immune|p1a: Corviknight\n|\n|upkeep\n|turn|13\n|inactive|Artorias21 has 60 seconds left.\n|\n|t:|1790777408\n|move|p1a: Corviknight|Defog|p2a: Slowking\n|-unboost|p2a: Slowking|evasion|1\n|-sideend|p1: Apostles Warning|Stealth Rock|[from] move: Defog|[of] p1a: Corviknight\n|-fieldend|move: Electric Terrain\n|move|p2a: Slowking|Flamethrower|p1a: Corviknight\n|-supereffective|p1a: Corviknight\n|-damage|p1a: Corviknight|41/100\n|\n|upkeep\n|turn|14\n|\n|t:|1790777422\n|switch|p1a: Toxapex|Toxapex, M|100/100\n|switch|p2a: Excadrill|Excadrill, M|100/100\n|-ability|p2a: Excadrill|Mold Breaker\n|\n|upkeep\n|turn|15\n|\n|t:|1790777430\n|move|p2a: Excadrill|Stealth Rock|p1a: Toxapex\n|-sidestart|p1: Apostles Warning|move: Stealth Rock\n|move|p1a: Toxapex|Scald|p2a: Excadrill\n|-supereffective|p2a: Excadrill\n|-damage|p2a: Excadrill|76/100\n|-status|p2a: Excadrill|brn\n|\n|-heal|p2a: Excadrill|82/100 brn|[from] item: Leftovers\n|-damage|p2a: Excadrill|76/100 brn|[from] brn\n|upkeep\n|turn|16\n|\n|t:|1790777444\n|switch|p2a: Tangrowth|Tangrowth, M|100/100\n|move|p1a: Toxapex|Scald|p2a: Tangrowth\n|-resisted|p2a: Tangrowth\n|-crit|p2a: Tangrowth\n|-damage|p2a: Tangrowth|83/100\n|\n|upkeep\n|turn|17\n|\n|t:|1790777455\n|move|p2a: Tangrowth|Leech Seed|p1a: Toxapex\n|-start|p1a: Toxapex|move: Leech Seed\n|move|p1a: Toxapex|Toxic|p2a: Tangrowth\n|-status|p2a: Tangrowth|tox\n|\n|-damage|p1a: Toxapex|88/100|[from] Leech Seed|[of] p2a: Tangrowth\n|-heal|p2a: Tangrowth|93/100 tox|[silent]\n|-damage|p2a: Tangrowth|86/100 tox|[from] psn\n|upkeep\n|turn|18\n|\n|t:|1790777464\n|switch|p1a: Corviknight|Corviknight, F|41/100\n|-damage|p1a: Corviknight|28/100|[from] Stealth Rock\n|-ability|p1a: Corviknight|Pressure\n|move|p2a: Tangrowth|Knock Off|p1a: Corviknight\n|-damage|p1a: Corviknight|19/100\n|\n|-damage|p2a: Tangrowth|74/100 tox|[from] psn\n|upkeep\n|turn|19\n|\n|t:|1790777474\n|switch|p2a: Tapu Koko|Tapu Koko|100/100\n|-fieldstart|move: Electric Terrain|[from] ability: Electric Surge|[of] p2a: Tapu Koko\n|move|p1a: Corviknight|Roost|p1a: Corviknight\n|-heal|p1a: Corviknight|69/100\n|-singleturn|p1a: Corviknight|move: Roost\n|\n|upkeep\n|turn|20\n|\n|t:|1790777483\n|switch|p1a: Blissey|Blissey, F|88/100\n|-damage|p1a: Blissey|76/100|[from] Stealth Rock\n|move|p2a: Tapu Koko|Volt Switch|p1a: Blissey\n|-damage|p1a: Blissey|63/100\n|inactive|Artorias21 has 60 seconds left.\n|\n|t:|1790777522\n|switch|p2a: Bisharp|Bisharp, M|37/100|[from] Volt Switch\n|\n|upkeep\n|turn|21\n|inactive|Artorias21 has 60 seconds left.\n|\n|t:|1790777534\n|switch|p2a: Tapu Koko|Tapu Koko|100/100\n|switch|p1a: Corviknight|Corviknight, F|69/100\n|-damage|p1a: Corviknight|57/100|[from] Stealth Rock\n|-ability|p1a: Corviknight|Pressure\n|\n|upkeep\n|turn|22\n|inactive|Artorias21 has 60 seconds left.\n|\n|t:|1790777545\n|switch|p1a: Slowking|Slowking-Galar, F|100/100\n|-damage|p1a: Slowking|88/100|[from] Stealth Rock\n|move|p2a: Tapu Koko|Volt Switch|p1a: Slowking\n|-damage|p1a: Slowking|69/100\n|inactive|Artorias21 has 60 seconds left.\n|\n|t:|1790777562\n|switch|p2a: Bisharp|Bisharp, M|37/100|[from] Volt Switch\n|\n|upkeep\n|turn|23\n|\n|t:|1790777575\n|switch|p1a: Blissey|Blissey, F|63/100\n|-damage|p1a: Blissey|50/100|[from] Stealth Rock\n|move|p2a: Bisharp|Knock Off|p1a: Blissey\n|-damage|p1a: Blissey|0 fnt\n|faint|p1a: Blissey\n|-damage|p2a: Bisharp|27/100|[from] item: Life Orb\n|\n|-fieldend|move: Electric Terrain\n|upkeep\n|\n|t:|1790777588\n|switch|p1a: Toxapex|Toxapex, M|100/100\n|-damage|p1a: Toxapex|88/100|[from] Stealth Rock\n|turn|24\n|\n|t:|1790777594\n|switch|p2a: Tangrowth|Tangrowth, M|100/100 tox\n|move|p1a: Toxapex|Scald|p2a: Tangrowth\n|-resisted|p2a: Tangrowth\n|-damage|p2a: Tangrowth|90/100 tox\n|\n|-heal|p1a: Toxapex|94/100|[from] item: Black Sludge\n|-damage|p2a: Tangrowth|84/100 tox|[from] psn\n|upkeep\n|turn|25\n|inactive|Apostles Warning has 120 seconds left.\n|\n|t:|1790777633\n|switch|p1a: Zapdos|Zapdos|100/100\n|move|p2a: Tangrowth|Knock Off|p1a: Zapdos\n|-damage|p1a: Zapdos|85/100\n|-enditem|p1a: Zapdos|Heavy-Duty Boots|[from] move: Knock Off|[of] p2a: Tangrowth\n|\n|-damage|p2a: Tangrowth|72/100 tox|[from] psn\n|upkeep\n|turn|26\n|inactive|Apostles Warning has 120 seconds left.\n|\n|t:|1790777646\n|switch|p2a: Slowking|Slowking-Galar, M|100/100\n|move|p1a: Zapdos|Defog|p2a: Slowking\n|-unboost|p2a: Slowking|evasion|1\n|-sideend|p1: Apostles Warning|Stealth Rock|[from] move: Defog|[of] p1a: Zapdos\n|\n|upkeep\n|turn|27\n|\n|t:|1790777664\n|move|p1a: Zapdos|Volt Switch|p2a: Slowking\n|-damage|p2a: Slowking|89/100\n|inactive|Apostles Warning has 120 seconds left.\n|\n|t:|1790777675\n|switch|p1a: Clefable|Clefable, M|62/100|[from] Volt Switch\n|move|p2a: Slowking|Ice Beam|p1a: Clefable\n|-damage|p1a: Clefable|42/100\n|\n|-heal|p1a: Clefable|48/100|[from] item: Leftovers\n|upkeep\n|turn|28\n|\n|t:|1790777687\n|move|p1a: Clefable|Soft-Boiled|p1a: Clefable\n|-heal|p1a: Clefable|98/100\n|move|p2a: Slowking|Sludge Bomb|p1a: Clefable\n|-supereffective|p1a: Clefable\n|-damage|p1a: Clefable|32/100\n|\n|-heal|p1a: Clefable|38/100|[from] item: Leftovers\n|upkeep\n|turn|29\n|\n|t:|1790777700\n|switch|p1a: Corviknight|Corviknight, F|57/100\n|-ability|p1a: Corviknight|Pressure\n|move|p2a: Slowking|Flamethrower|p1a: Corviknight\n|-supereffective|p1a: Corviknight\n|-damage|p1a: Corviknight|16/100\n|\n|upkeep\n|turn|30\n|\n|t:|1790777715\n|move|p1a: Corviknight|Roost|p1a: Corviknight\n|-heal|p1a: Corviknight|66/100\n|-singleturn|p1a: Corviknight|move: Roost\n|move|p2a: Slowking|Flamethrower|p1a: Corviknight\n|-supereffective|p1a: Corviknight\n|-damage|p1a: Corviknight|19/100\n|\n|upkeep\n|turn|31\n|\n|t:|1790777730\n|switch|p1a: Zapdos|Zapdos|85/100\n|switch|p2a: Tapu Koko|Tapu Koko|100/100\n|-fieldstart|move: Electric Terrain|[from] ability: Electric Surge|[of] p2a: Tapu Koko\n|\n|upkeep\n|turn|32\n|\n|t:|1790777745\n|move|p2a: Tapu Koko|Volt Switch|p1a: Zapdos\n|-damage|p1a: Zapdos|49/100\n|\n|t:|1790777750\n|switch|p2a: Slowking|Slowking-Galar, M|100/100|[from] Volt Switch\n|move|p1a: Zapdos|Volt Switch|p2a: Slowking\n|-damage|p2a: Slowking|88/100\n|\n|t:|1790777764\n|switch|p1a: Toxapex|Toxapex, M|100/100|[from] Volt Switch\n|\n|upkeep\n|turn|33\n|\n|t:|1790777778\n|move|p1a: Toxapex|Scald|p2a: Slowking\n|-crit|p2a: Slowking\n|-damage|p2a: Slowking|80/100\n|move|p2a: Slowking|Psyshock|p1a: Toxapex\n|-supereffective|p1a: Toxapex\n|-damage|p1a: Toxapex|50/100\n|\n|-heal|p1a: Toxapex|56/100|[from] item: Black Sludge\n|upkeep\n|turn|34\n|j| leo3131%\n|\n|t:|1790777791\n|switch|p1a: Slowking|Slowking-Galar, F|100/100\n|move|p2a: Slowking|Psyshock|p1a: Slowking\n|-damage|p1a: Slowking|68/100\n|\n|upkeep\n|turn|35\n|\n|t:|1790777802\n|move|p1a: Slowking|Future Sight|p2a: Slowking\n|-start|p1a: Slowking|move: Future Sight\n|move|p2a: Slowking|Psyshock|p1a: Slowking\n|-damage|p1a: Slowking|39/100\n|\n|-fieldend|move: Electric Terrain\n|upkeep\n|turn|36\n|\n|t:|1790777810\n|switch|p1a: Corviknight|Corviknight, F|19/100\n|-ability|p1a: Corviknight|Pressure\n|switch|p2a: Tapu Koko|Tapu Koko|100/100\n|-fieldstart|move: Electric Terrain|[from] ability: Electric Surge|[of] p2a: Tapu Koko\n|\n|upkeep\n|turn|37\n|\n|t:|1790777821\n|switch|p1a: Slowking|Slowking-Galar, F|73/100\n|move|p2a: Tapu Koko|Volt Switch|p1a: Slowking\n|-crit|p1a: Slowking\n|-damage|p1a: Slowking|45/100\n|\n|t:|1790777826\n|switch|p2a: Bisharp|Bisharp, M|27/100|[from] Volt Switch\n|\n|-end|p2a: Bisharp|move: Future Sight\n|-immune|p2a: Bisharp\n|upkeep\n|turn|38\n|l| leo3131%\n|inactive|Artorias21 has 90 seconds left.\n|\n|t:|1790777847\n|switch|p1a: Clefable|Clefable, M|38/100\n|move|p2a: Bisharp|Knock Off|p1a: Clefable\n|-resisted|p1a: Clefable\n|-damage|p1a: Clefable|12/100\n|-enditem|p1a: Clefable|Leftovers|[from] move: Knock Off|[of] p2a: Bisharp\n|-damage|p2a: Bisharp|17/100|[from] item: Life Orb\n|\n|upkeep\n|turn|39\n|j| leo3131%\n|inactive|Artorias21 has 90 seconds left.\n|\n|t:|1790777860\n|move|p2a: Bisharp|Knock Off|p1a: Clefable\n|-resisted|p1a: Clefable\n|-damage|p1a: Clefable|0 fnt\n|faint|p1a: Clefable\n|-damage|p2a: Bisharp|7/100|[from] item: Life Orb\n|\n|upkeep\n|\n|t:|1790777871\n|switch|p1a: Corviknight|Corviknight, F|19/100\n|-ability|p1a: Corviknight|Pressure\n|turn|40\n|inactive|Artorias21 has 90 seconds left.\n|\n|t:|1790777888\n|switch|p2a: Moltres|Moltres|100/100\n|move|p1a: Corviknight|Roost|p1a: Corviknight\n|-heal|p1a: Corviknight|69/100\n|-singleturn|p1a: Corviknight|move: Roost\n|\n|-fieldend|move: Electric Terrain\n|upkeep\n|turn|41\n|\n|t:|1790777896\n|switch|p1a: Toxapex|Toxapex, M|90/100\n|move|p2a: Moltres|Will-O-Wisp|p1a: Toxapex\n|-status|p1a: Toxapex|brn\n|\n|-heal|p1a: Toxapex|96/100 brn|[from] item: Black Sludge\n|-damage|p1a: Toxapex|90/100 brn|[from] brn\n|upkeep\n|turn|42\n|\n|t:|1790777905\n|switch|p2a: Slowking|Slowking-Galar, M|100/100\n|move|p1a: Toxapex|Toxic|p2a: Slowking\n|-immune|p2a: Slowking\n|\n|-heal|p1a: Toxapex|96/100 brn|[from] item: Black Sludge\n|-damage|p1a: Toxapex|90/100 brn|[from] brn\n|upkeep\n|turn|43\n|\n|t:|1790777913\n|switch|p1a: Slowking|Slowking-Galar, F|79/100\n|move|p2a: Slowking|Psyshock|p1a: Slowking\n|-damage|p1a: Slowking|46/100\n|\n|upkeep\n|turn|44\n|\n|t:|1790777922\n|move|p1a: Slowking|Scald|p2a: Slowking\n|-damage|p2a: Slowking|92/100\n|move|p2a: Slowking|Psyshock|p1a: Slowking\n|-damage|p1a: Slowking|17/100\n|\n|upkeep\n|turn|45\n|inactive|Artorias21 has 120 seconds left.\n|\n|t:|1790777947\n|switch|p1a: Corviknight|Corviknight, F|69/100\n|-ability|p1a: Corviknight|Pressure\n|move|p2a: Slowking|Ice Beam|p1a: Corviknight\n|-damage|p1a: Corviknight|47/100\n|\n|upkeep\n|turn|46\n|\n|t:|1790777958\n|move|p1a: Corviknight|Roost|p1a: Corviknight\n|-heal|p1a: Corviknight|97/100\n|-singleturn|p1a: Corviknight|move: Roost\n|move|p2a: Slowking|Flamethrower|p1a: Corviknight\n|-supereffective|p1a: Corviknight\n|-damage|p1a: Corviknight|50/100\n|\n|upkeep\n|turn|47\n|\n|t:|1790777973\n|switch|p1a: Slowking|Slowking-Galar, F|50/100\n|switch|p2a: Tapu Koko|Tapu Koko|100/100\n|-fieldstart|move: Electric Terrain|[from] ability: Electric Surge|[of] p2a: Tapu Koko\n|\n|upkeep\n|turn|48\n|\n|t:|1790777980\n|switch|p1a: Zapdos|Zapdos|49/100\n|move|p2a: Tapu Koko|Volt Switch|p1a: Zapdos\n|-damage|p1a: Zapdos|13/100\n|inactive|Artorias21 has 120 seconds left.\n|\n|t:|1790777989\n|switch|p2a: Slowking|Slowking-Galar, M|100/100|[from] Volt Switch\n|\n|upkeep\n|turn|49\n|\n|t:|1790777995\n|move|p1a: Zapdos|Roost|p1a: Zapdos\n|-heal|p1a: Zapdos|63/100\n|-singleturn|p1a: Zapdos|move: Roost\n|move|p2a: Slowking|Ice Beam|p1a: Zapdos\n|-damage|p1a: Zapdos|40/100\n|\n|upkeep\n|turn|50\n|\n|t:|1790778002\n|move|p1a: Zapdos|Roost|p1a: Zapdos\n|-heal|p1a: Zapdos|91/100\n|-singleturn|p1a: Zapdos|move: Roost\n|move|p2a: Slowking|Ice Beam|p1a: Zapdos\n|-damage|p1a: Zapdos|70/100\n|\n|upkeep\n|turn|51\n|\n|t:|1790778010\n|move|p1a: Zapdos|Hurricane|p2a: Slowking\n|-damage|p2a: Slowking|84/100\n|move|p2a: Slowking|Ice Beam|p1a: Zapdos\n|-supereffective|p1a: Zapdos\n|-damage|p1a: Zapdos|26/100\n|\n|-fieldend|move: Electric Terrain\n|upkeep\n|turn|52\n|\n|t:|1790778018\n|move|p1a: Zapdos|Roost|p1a: Zapdos\n|-heal|p1a: Zapdos|76/100\n|-singleturn|p1a: Zapdos|move: Roost\n|move|p2a: Slowking|Ice Beam|p1a: Zapdos\n|-damage|p1a: Zapdos|53/100\n|\n|upkeep\n|turn|53\n|\n|t:|1790778026\n|move|p1a: Zapdos|Roost|p1a: Zapdos\n|-heal|p1a: Zapdos|100/100\n|-singleturn|p1a: Zapdos|move: Roost\n|move|p2a: Slowking|Sludge Bomb|p1a: Zapdos\n|-damage|p1a: Zapdos|67/100\n|\n|upkeep\n|turn|54\n|\n|t:|1790778034\n|move|p1a: Zapdos|Volt Switch|p2a: Slowking\n|-damage|p2a: Slowking|72/100\n|\n|t:|1790778037\n|switch|p1a: Corviknight|Corviknight, F|50/100|[from] Volt Switch\n|-ability|p1a: Corviknight|Pressure\n|move|p2a: Slowking|Ice Beam|p1a: Corviknight\n|-damage|p1a: Corviknight|29/100\n|\n|upkeep\n|turn|55\n|\n|t:|1790778044\n|switch|p2a: Moltres|Moltres|100/100\n|move|p1a: Corviknight|Roost|p1a: Corviknight\n|-heal|p1a: Corviknight|79/100\n|-singleturn|p1a: Corviknight|move: Roost\n|\n|upkeep\n|turn|56\n|\n|t:|1790778055\n|switch|p1a: Toxapex|Toxapex, M|100/100 brn\n|move|p2a: Moltres|Flamethrower|p1a: Toxapex\n|-resisted|p1a: Toxapex\n|-damage|p1a: Toxapex|90/100 brn\n|\n|-heal|p1a: Toxapex|96/100 brn|[from] item: Black Sludge\n|-damage|p1a: Toxapex|90/100 brn|[from] brn\n|upkeep\n|turn|57\n|\n|t:|1790778065\n|switch|p2a: Slowking|Slowking-Galar, M|100/100\n|move|p1a: Toxapex|Scald|p2a: Slowking\n|-damage|p2a: Slowking|94/100\n|-status|p2a: Slowking|brn\n|\n|-heal|p1a: Toxapex|96/100 brn|[from] item: Black Sludge\n|-damage|p1a: Toxapex|90/100 brn|[from] brn\n|-damage|p2a: Slowking|88/100 brn|[from] brn\n|upkeep\n|turn|58\n|\n|t:|1790778084\n|switch|p1a: Corviknight|Corviknight, F|79/100\n|-ability|p1a: Corviknight|Pressure\n|move|p2a: Slowking|Flamethrower|p1a: Corviknight\n|-supereffective|p1a: Corviknight\n|-damage|p1a: Corviknight|33/100\n|\n|-damage|p2a: Slowking|82/100 brn|[from] brn\n|upkeep\n|turn|59\n|l| leo3131%\n|\n|t:|1790778095\n|switch|p2a: Tapu Koko|Tapu Koko|100/100\n|-fieldstart|move: Electric Terrain|[from] ability: Electric Surge|[of] p2a: Tapu Koko\n|move|p1a: Corviknight|Roost|p1a: Corviknight\n|-heal|p1a: Corviknight|83/100\n|-singleturn|p1a: Corviknight|move: Roost\n|\n|upkeep\n|turn|60\n|\n|t:|1790778107\n|switch|p1a: Slowking|Slowking-Galar, F|83/100\n|move|p2a: Tapu Koko|Volt Switch|p1a: Slowking\n|-damage|p1a: Slowking|66/100\n|inactive|Artorias21 has 120 seconds left.\n|inactive|Artorias21 has 90 seconds left.\n|inactive|Artorias21 has 60 seconds left.\n|\n|t:|1790778214\n|switch|p2a: Bisharp|Bisharp, M|7/100|[from] Volt Switch\n|\n|upkeep\n|turn|61\n|\n|t:|1790778227\n|switch|p2a: Tapu Koko|Tapu Koko|100/100\n|switch|p1a: Corviknight|Corviknight, F|83/100\n|-ability|p1a: Corviknight|Pressure\n|\n|upkeep\n|turn|62\n|\n|t:|1790778244\n|switch|p1a: Slowking|Slowking-Galar, F|99/100\n|move|p2a: Tapu Koko|Volt Switch|p1a: Slowking\n|-damage|p1a: Slowking|82/100\n|inactive|Artorias21 has 30 seconds left.\n|inactive|Artorias21 has 20 seconds left.\n|\n|t:|1790778274\n|switch|p2a: Excadrill|Excadrill, M|76/100 brn|[from] Volt Switch\n|-ability|p2a: Excadrill|Mold Breaker\n|\n|-heal|p2a: Excadrill|82/100 brn|[from] item: Leftovers\n|-damage|p2a: Excadrill|76/100 brn|[from] brn\n|upkeep\n|turn|63\n|inactive|Artorias21 has 30 seconds left this turn.\n|\n|t:|1790778290\n|move|p2a: Excadrill|Stealth Rock|p1a: Slowking\n|-sidestart|p1: Apostles Warning|move: Stealth Rock\n|move|p1a: Slowking|Scald|p2a: Excadrill\n|-supereffective|p2a: Excadrill\n|-damage|p2a: Excadrill|41/100 brn\n|\n|-heal|p2a: Excadrill|47/100 brn|[from] item: Leftovers\n|-damage|p2a: Excadrill|41/100 brn|[from] brn\n|-fieldend|move: Electric Terrain\n|upkeep\n|turn|64\n|inactive|Artorias21 has 30 seconds left.\n|\n|t:|1790778310\n|switch|p2a: Tapu Koko|Tapu Koko|100/100\n|-fieldstart|move: Electric Terrain|[from] ability: Electric Surge|[of] p2a: Tapu Koko\n|move|p1a: Slowking|Scald|p2a: Tapu Koko\n|-damage|p2a: Tapu Koko|68/100\n|\n|upkeep\n|turn|65\n|\n|t:|1790778318\n|move|p2a: Tapu Koko|Volt Switch|p1a: Slowking\n|-damage|p1a: Slowking|65/100\n|\n|t:|1790778322\n|switch|p2a: Slowking|Slowking-Galar, M|100/100 brn|[from] Volt Switch\n|move|p1a: Slowking|Sludge Bomb|p2a: Slowking\n|-resisted|p2a: Slowking\n|-damage|p2a: Slowking|93/100 brn\n|\n|-damage|p2a: Slowking|87/100 brn|[from] brn\n|upkeep\n|turn|66\n|\n|t:|1790778336\n|move|p1a: Slowking|Future Sight|p2a: Slowking\n|-start|p1a: Slowking|move: Future Sight\n|move|p2a: Slowking|Flamethrower|p1a: Slowking\n|-damage|p1a: Slowking|55/100\n|\n|-damage|p2a: Slowking|81/100 brn|[from] brn\n|upkeep\n|turn|67\n|\n|t:|1790778354\n|switch|p1a: Zapdos|Zapdos|67/100\n|-damage|p1a: Zapdos|42/100|[from] Stealth Rock\n|move|p2a: Slowking|Flamethrower|p1a: Zapdos\n|-damage|p1a: Zapdos|19/100\n|\n|-damage|p2a: Slowking|75/100 brn|[from] brn\n|upkeep\n|turn|68\n|\n|t:|1790778364\n|move|p1a: Zapdos|Roost|p1a: Zapdos\n|-heal|p1a: Zapdos|69/100\n|-singleturn|p1a: Zapdos|move: Roost\n|move|p2a: Slowking|Sludge Bomb|p1a: Zapdos\n|-damage|p1a: Zapdos|39/100\n|-status|p1a: Zapdos|psn\n|\n|-end|p2a: Slowking|move: Future Sight\n|-damage|p2a: Slowking|53/100 brn\n|-damage|p1a: Zapdos|26/100 psn|[from] psn\n|-damage|p2a: Slowking|47/100 brn|[from] brn\n|-fieldend|move: Electric Terrain\n|upkeep\n|turn|69\n|\n|t:|1790778378\n|switch|p2a: Tapu Koko|Tapu Koko|68/100\n|-fieldstart|move: Electric Terrain|[from] ability: Electric Surge|[of] p2a: Tapu Koko\n|move|p1a: Zapdos|Defog|p2a: Tapu Koko\n|-unboost|p2a: Tapu Koko|evasion|1\n|-sideend|p1: Apostles Warning|Stealth Rock|[from] move: Defog|[of] p1a: Zapdos\n|-fieldend|move: Electric Terrain\n|\n|-damage|p1a: Zapdos|14/100 psn|[from] psn\n|upkeep\n|turn|70\n|\n|t:|1790778391\n|switch|p1a: Slowking|Slowking-Galar, F|88/100\n|move|p2a: Tapu Koko|Volt Switch|p1a: Slowking\n|-damage|p1a: Slowking|75/100\n|inactive|Artorias21 has 30 seconds left.\n|inactive|Artorias21 has 20 seconds left.\n|\n|t:|1790778422\n|switch|p2a: Slowking|Slowking-Galar, M|80/100 brn|[from] Volt Switch\n|\n|-damage|p2a: Slowking|74/100 brn|[from] brn\n|upkeep\n|turn|71\n|inactive|Artorias21 has 30 seconds left this turn.\n|\n|t:|1790778429\n|move|p1a: Slowking|Future Sight|p2a: Slowking\n|-start|p1a: Slowking|move: Future Sight\n|move|p2a: Slowking|Psyshock|p1a: Slowking\n|-damage|p1a: Slowking|44/100\n|\n|-damage|p2a: Slowking|68/100 brn|[from] brn\n|upkeep\n|turn|72\n|inactive|Artorias21 has 30 seconds left.\n|\n|t:|1790778445\n|switch|p1a: Corviknight|Corviknight, F|83/100\n|-ability|p1a: Corviknight|Pressure\n|move|p2a: Slowking|Psyshock|p1a: Corviknight\n|-resisted|p1a: Corviknight\n|-damage|p1a: Corviknight|74/100\n|\n|-damage|p2a: Slowking|62/100 brn|[from] brn\n|upkeep\n|turn|73\n|inactive|Artorias21 has 30 seconds left.\n|\n|t:|1790778458\n|switch|p2a: Moltres|Moltres|100/100\n|move|p1a: Corviknight|Iron Defense|p1a: Corviknight\n|-boost|p1a: Corviknight|def|2\n|\n|-end|p2a: Moltres|move: Future Sight\n|-damage|p2a: Moltres|48/100\n|upkeep\n|turn|74\n|inactive|Artorias21 has 30 seconds left.\n|\n|t:|1790778471\n|switch|p1a: Toxapex|Toxapex, M|100/100 brn\n|move|p2a: Moltres|Roost|p2a: Moltres\n|-heal|p2a: Moltres|98/100\n|-singleturn|p2a: Moltres|move: Roost\n|\n|-damage|p1a: Toxapex|95/100 brn|[from] brn\n|upkeep\n|turn|75\n|\n|t:|1790778479\n|switch|p2a: Tangrowth|Tangrowth, M|100/100 tox\n|move|p1a: Toxapex|Scald|p2a: Tangrowth\n|-resisted|p2a: Tangrowth\n|-damage|p2a: Tangrowth|89/100 tox\n|\n|-heal|p1a: Toxapex|100/100 brn|[from] item: Black Sludge\n|-damage|p2a: Tangrowth|83/100 tox|[from] psn\n|-damage|p1a: Toxapex|95/100 brn|[from] brn\n|upkeep\n|turn|76\n|inactive|Artorias21 has 30 seconds left.\n|inactive|Apostles Warning has 120 seconds left.\n|\n|t:|1790778510\n|move|p2a: Tangrowth|Leech Seed|p1a: Toxapex\n|-start|p1a: Toxapex|move: Leech Seed\n|move|p1a: Toxapex|Scald|p2a: Tangrowth\n|-resisted|p2a: Tangrowth\n|-damage|p2a: Tangrowth|73/100 tox\n|\n|-heal|p1a: Toxapex|100/100 brn|[from] item: Black Sludge\n|-damage|p1a: Toxapex|88/100 brn|[from] Leech Seed|[of] p2a: Tangrowth\n|-heal|p2a: Tangrowth|82/100 tox|[silent]\n|-damage|p2a: Tangrowth|69/100 tox|[from] psn\n|-damage|p1a: Toxapex|82/100 brn|[from] brn\n|upkeep\n|turn|77\n|inactive|Apostles Warning has 120 seconds left.\n|inactive|Artorias21 has 30 seconds left.\n|\n|t:|1790778521\n|switch|p1a: Slowking|Slowking-Galar, F|78/100\n|move|p2a: Tangrowth|Knock Off|p1a: Slowking\n|-supereffective|p1a: Slowking\n|-damage|p1a: Slowking|33/100\n|-enditem|p1a: Slowking|Assault Vest|[from] move: Knock Off|[of] p2a: Tangrowth\n|\n|-damage|p2a: Tangrowth|51/100 tox|[from] psn\n|upkeep\n|turn|78\n|inactive|Apostles Warning has 120 seconds left.\n|inactive|Artorias21 has 30 seconds left.\n|\n|t:|1790778532\n|switch|p2a: Slowking|Slowking-Galar, M|95/100 brn\n|switch|p1a: Zapdos|Zapdos|14/100 psn\n|\n|-damage|p1a: Zapdos|2/100 psn|[from] psn\n|-damage|p2a: Slowking|89/100 brn|[from] brn\n|upkeep\n|turn|79\n|inactive|Apostles Warning has 120 seconds left.\n|\n|t:|1790778544\n|move|p1a: Zapdos|Volt Switch|p2a: Slowking\n|-damage|p2a: Slowking|77/100 brn\n|inactive|Apostles Warning has 120 seconds left.\n|\n|t:|1790778551\n|switch|p1a: Corviknight|Corviknight, F|74/100|[from] Volt Switch\n|-ability|p1a: Corviknight|Pressure\n|move|p2a: Slowking|Sludge Bomb|p1a: Corviknight\n|-immune|p1a: Corviknight\n|\n|-damage|p2a: Slowking|71/100 brn|[from] brn\n|upkeep\n|turn|80\n|inactive|Apostles Warning has 120 seconds left.\n|\n|t:|1790778561\n|move|p1a: Corviknight|Iron Defense|p1a: Corviknight\n|-boost|p1a: Corviknight|def|2\n|move|p2a: Slowking|Flamethrower|p1a: Corviknight\n|-supereffective|p1a: Corviknight\n|-damage|p1a: Corviknight|34/100\n|-status|p1a: Corviknight|brn\n|\n|-damage|p1a: Corviknight|28/100 brn|[from] brn\n|-damage|p2a: Slowking|65/100 brn|[from] brn\n|upkeep\n|turn|81\n|\n|t:|1790778571\n|switch|p2a: Moltres|Moltres|98/100\n|move|p1a: Corviknight|Roost|p1a: Corviknight\n|-heal|p1a: Corviknight|78/100 brn\n|-singleturn|p1a: Corviknight|move: Roost\n|\n|-damage|p1a: Corviknight|71/100 brn|[from] brn\n|upkeep\n|turn|82\n|\n|t:|1790778582\n|switch|p2a: Tapu Koko|Tapu Koko|68/100\n|-fieldstart|move: Electric Terrain|[from] ability: Electric Surge|[of] p2a: Tapu Koko\n|switch|p1a: Toxapex|Toxapex, M|100/100 brn\n|\n|-damage|p1a: Toxapex|95/100 brn|[from] brn\n|upkeep\n|turn|83\n|\n|t:|1790778592\n|move|p2a: Tapu Koko|Thunderbolt|p1a: Toxapex\n|-supereffective|p1a: Toxapex\n|-damage|p1a: Toxapex|33/100 brn\n|move|p1a: Toxapex|Scald|p2a: Tapu Koko\n|-damage|p2a: Tapu Koko|45/100\n|-status|p2a: Tapu Koko|brn\n|\n|-heal|p1a: Toxapex|39/100 brn|[from] item: Black Sludge\n|-damage|p2a: Tapu Koko|39/100 brn|[from] brn\n|-damage|p1a: Toxapex|33/100 brn|[from] brn\n|upkeep\n|turn|84\n|\n|t:|1790778604\n|switch|p1a: Zapdos|Zapdos|2/100 psn\n|move|p2a: Tapu Koko|Volt Switch|p1a: Zapdos\n|-damage|p1a: Zapdos|0 fnt\n|faint|p1a: Zapdos\n|\n|t:|1790778613\n|switch|p2a: Slowking|Slowking-Galar, M|98/100 brn|[from] Volt Switch\n|\n|-damage|p2a: Slowking|92/100 brn|[from] brn\n|upkeep\n|\n|t:|1790778622\n|switch|p1a: Slowking|Slowking-Galar, F|67/100\n|turn|85\n|\n|t:|1790778632\n|move|p1a: Slowking|Future Sight|p2a: Slowking\n|-start|p1a: Slowking|move: Future Sight\n|move|p2a: Slowking|Flamethrower|p1a: Slowking\n|-damage|p1a: Slowking|51/100\n|\n|-damage|p2a: Slowking|86/100 brn|[from] brn\n|upkeep\n|turn|86\n|\n|t:|1790778644\n|move|p1a: Slowking|Scald|p2a: Slowking\n|-damage|p2a: Slowking|77/100 brn\n|move|p2a: Slowking|Flamethrower|p1a: Slowking\n|-damage|p1a: Slowking|36/100\n|\n|-damage|p2a: Slowking|71/100 brn|[from] brn\n|-fieldend|move: Electric Terrain\n|upkeep\n|turn|87\n|\n|t:|1790778652\n|move|p1a: Slowking|Scald|p2a: Slowking\n|-damage|p2a: Slowking|62/100 brn\n|move|p2a: Slowking|Psyshock|p1a: Slowking\n|-damage|p1a: Slowking|7/100\n|\n|-end|p2a: Slowking|move: Future Sight\n|-damage|p2a: Slowking|43/100 brn\n|-damage|p2a: Slowking|37/100 brn|[from] brn\n|upkeep\n|turn|88\n|inactive|Artorias21 has 90 seconds left.\n|\n|t:|1790778672\n|switch|p1a: Corviknight|Corviknight, F|71/100 brn\n|-ability|p1a: Corviknight|Pressure\n|move|p2a: Slowking|Flamethrower|p1a: Corviknight\n|-supereffective|p1a: Corviknight\n|-damage|p1a: Corviknight|29/100 brn\n|\n|-damage|p1a: Corviknight|23/100 brn|[from] brn\n|-damage|p2a: Slowking|31/100 brn|[from] brn\n|upkeep\n|turn|89\n|inactive|Artorias21 has 90 seconds left.\n|\n|t:|1790778685\n|move|p1a: Corviknight|Roost|p1a: Corviknight\n|-heal|p1a: Corviknight|73/100 brn\n|-singleturn|p1a: Corviknight|move: Roost\n|move|p2a: Slowking|Flamethrower|p1a: Corviknight\n|-supereffective|p1a: Corviknight\n|-damage|p1a: Corviknight|25/100 brn\n|\n|-damage|p1a: Corviknight|19/100 brn|[from] brn\n|-damage|p2a: Slowking|25/100 brn|[from] brn\n|upkeep\n|turn|90\n|inactive|Artorias21 has 90 seconds left.\n|\n|t:|1790778696\n|switch|p2a: Moltres|Moltres|98/100\n|move|p1a: Corviknight|Roost|p1a: Corviknight\n|-heal|p1a: Corviknight|69/100 brn\n|-singleturn|p1a: Corviknight|move: Roost\n|\n|-damage|p1a: Corviknight|63/100 brn|[from] brn\n|upkeep\n|turn|91\n|inactive|Artorias21 has 90 seconds left.\n|\n|t:|1790778711\n|switch|p1a: Toxapex|Toxapex, M|67/100 brn\n|move|p2a: Moltres|Flamethrower|p1a: Toxapex\n|-resisted|p1a: Toxapex\n|-damage|p1a: Toxapex|56/100 brn\n|\n|-heal|p1a: Toxapex|62/100 brn|[from] item: Black Sludge\n|-damage|p1a: Toxapex|56/100 brn|[from] brn\n|upkeep\n|turn|92\n|\n|t:|1790778722\n|switch|p2a: Slowking|Slowking-Galar, M|58/100 brn\n|move|p1a: Toxapex|Scald|p2a: Slowking\n|-damage|p2a: Slowking|52/100 brn\n|\n|-heal|p1a: Toxapex|62/100 brn|[from] item: Black Sludge\n|-damage|p1a: Toxapex|56/100 brn|[from] brn\n|-damage|p2a: Slowking|46/100 brn|[from] brn\n|upkeep\n|turn|93\n|\n|t:|1790778733\n|switch|p2a: Tangrowth|Tangrowth, M|84/100 tox\n|move|p1a: Toxapex|Recover|p1a: Toxapex\n|-heal|p1a: Toxapex|100/100 brn\n|\n|-damage|p2a: Tangrowth|78/100 tox|[from] psn\n|-damage|p1a: Toxapex|95/100 brn|[from] brn\n|upkeep\n|turn|94\n|\n|t:|1790778754\n|move|p2a: Tangrowth|Leech Seed|p1a: Toxapex\n|-start|p1a: Toxapex|move: Leech Seed\n|move|p1a: Toxapex|Scald|p2a: Tangrowth\n|-resisted|p2a: Tangrowth\n|-damage|p2a: Tangrowth|67/100 tox\n|\n|-heal|p1a: Toxapex|100/100 brn|[from] item: Black Sludge\n|-damage|p1a: Toxapex|88/100 brn|[from] Leech Seed|[of] p2a: Tangrowth\n|-heal|p2a: Tangrowth|76/100 tox|[silent]\n|-damage|p2a: Tangrowth|64/100 tox|[from] psn\n|-damage|p1a: Toxapex|82/100 brn|[from] brn\n|upkeep\n|turn|95\n|\n|t:|1790778765\n|switch|p2a: Slowking|Slowking-Galar, M|79/100 brn\n|move|p1a: Toxapex|Scald|p2a: Slowking\n|-crit|p2a: Slowking\n|-damage|p2a: Slowking|71/100 brn\n|\n|-heal|p1a: Toxapex|88/100 brn|[from] item: Black Sludge\n|-damage|p1a: Toxapex|76/100 brn|[from] Leech Seed|[of] p2a: Slowking\n|-heal|p2a: Slowking|80/100 brn|[silent]\n|-damage|p1a: Toxapex|70/100 brn|[from] brn\n|-damage|p2a: Slowking|74/100 brn|[from] brn\n|upkeep\n|turn|96\n|\n|t:|1790778779\n|switch|p1a: Corviknight|Corviknight, F|63/100 brn\n|-ability|p1a: Corviknight|Pressure\n|switch|p2a: Tangrowth|Tangrowth, M|97/100 tox\n|\n|-damage|p2a: Tangrowth|91/100 tox|[from] psn\n|-damage|p1a: Corviknight|56/100 brn|[from] brn\n|upkeep\n|turn|97\n|\n|t:|1790778789\n|move|p1a: Corviknight|Roost|p1a: Corviknight\n|-heal|p1a: Corviknight|100/100 brn\n|-singleturn|p1a: Corviknight|move: Roost\n|move|p2a: Tangrowth|Leech Seed|p1a: Corviknight\n|-start|p1a: Corviknight|move: Leech Seed\n|\n|-damage|p1a: Corviknight|88/100 brn|[from] Leech Seed|[of] p2a: Tangrowth\n|-heal|p2a: Tangrowth|100/100 tox|[silent]\n|-damage|p2a: Tangrowth|88/100 tox|[from] psn\n|-damage|p1a: Corviknight|82/100 brn|[from] brn\n|upkeep\n|turn|98\n|inactive|Artorias21 has 120 seconds left.\n|\n|t:|1790778802\n|switch|p1a: Toxapex|Toxapex, M|100/100 brn\n|switch|p2a: Excadrill|Excadrill, M|41/100 brn\n|-ability|p2a: Excadrill|Mold Breaker\n|\n|-heal|p2a: Excadrill|47/100 brn|[from] item: Leftovers\n|-damage|p2a: Excadrill|41/100 brn|[from] brn\n|-damage|p1a: Toxapex|95/100 brn|[from] brn\n|upkeep\n|turn|99\n|inactive|Artorias21 has 120 seconds left.\n|\n|t:|1790778811\n|move|p2a: Excadrill|Stealth Rock|p1a: Toxapex\n|-sidestart|p1: Apostles Warning|move: Stealth Rock\n|move|p1a: Toxapex|Scald|p2a: Excadrill\n|-supereffective|p2a: Excadrill\n|-damage|p2a: Excadrill|17/100 brn\n|\n|-heal|p2a: Excadrill|23/100 brn|[from] item: Leftovers\n|-heal|p1a: Toxapex|100/100 brn|[from] item: Black Sludge\n|-damage|p2a: Excadrill|17/100 brn|[from] brn\n|-damage|p1a: Toxapex|95/100 brn|[from] brn\n|upkeep\n|turn|100\n|\n|t:|1790778821\n|switch|p2a: Moltres|Moltres|98/100\n|move|p1a: Toxapex|Scald|p2a: Moltres\n|-supereffective|p2a: Moltres\n|-damage|p2a: Moltres|67/100\n|\n|-heal|p1a: Toxapex|100/100 brn|[from] item: Black Sludge\n|-damage|p1a: Toxapex|95/100 brn|[from] brn\n|upkeep\n|turn|101\n|\n|t:|1790778829\n|move|p2a: Moltres|Scorching Sands|p1a: Toxapex\n|-supereffective|p1a: Toxapex\n|-damage|p1a: Toxapex|71/100 brn\n|move|p1a: Toxapex|Toxic|p2a: Moltres\n|-status|p2a: Moltres|tox\n|\n|-heal|p1a: Toxapex|77/100 brn|[from] item: Black Sludge\n|-damage|p2a: Moltres|61/100 tox|[from] psn\n|-damage|p1a: Toxapex|71/100 brn|[from] brn\n|upkeep\n|turn|102\n|\n|t:|1790778840\n|move|p2a: Moltres|Roost|p2a: Moltres\n|-heal|p2a: Moltres|100/100 tox\n|-singleturn|p2a: Moltres|move: Roost\n|move|p1a: Toxapex|Scald|p2a: Moltres\n|-supereffective|p2a: Moltres\n|-damage|p2a: Moltres|68/100 tox\n|\n|-heal|p1a: Toxapex|77/100 brn|[from] item: Black Sludge\n|-damage|p2a: Moltres|56/100 tox|[from] psn\n|-damage|p1a: Toxapex|71/100 brn|[from] brn\n|upkeep\n|turn|103\n|\n|t:|1790778851\n|switch|p2a: Tangrowth|Tangrowth, M|100/100 tox\n|move|p1a: Toxapex|Scald|p2a: Tangrowth\n|-resisted|p2a: Tangrowth\n|-damage|p2a: Tangrowth|90/100 tox\n|\n|-heal|p1a: Toxapex|77/100 brn|[from] item: Black Sludge\n|-damage|p2a: Tangrowth|83/100 tox|[from] psn\n|-damage|p1a: Toxapex|71/100 brn|[from] brn\n|upkeep\n|turn|104\n|inactive|Apostles Warning has 120 seconds left.\n|\n|t:|1790778872\n|move|p2a: Tangrowth|Leech Seed|p1a: Toxapex\n|-start|p1a: Toxapex|move: Leech Seed\n|move|p1a: Toxapex|Recover|p1a: Toxapex\n|-heal|p1a: Toxapex|100/100 brn\n|\n|-damage|p1a: Toxapex|88/100 brn|[from] Leech Seed|[of] p2a: Tangrowth\n|-heal|p2a: Tangrowth|93/100 tox|[silent]\n|-damage|p2a: Tangrowth|80/100 tox|[from] psn\n|-damage|p1a: Toxapex|82/100 brn|[from] brn\n|upkeep\n|turn|105\n|inactive|Apostles Warning has 120 seconds left.\n|\n|t:|1790778881\n|move|p2a: Tangrowth|Knock Off|p1a: Toxapex\n|-crit|p1a: Toxapex\n|-damage|p1a: Toxapex|59/100 brn\n|-enditem|p1a: Toxapex|Black Sludge|[from] move: Knock Off|[of] p2a: Tangrowth\n|move|p1a: Toxapex|Scald|p2a: Tangrowth\n|-resisted|p2a: Tangrowth\n|-crit|p2a: Tangrowth\n|-damage|p2a: Tangrowth|63/100 tox\n|\n|-damage|p1a: Toxapex|47/100 brn|[from] Leech Seed|[of] p2a: Tangrowth\n|-heal|p2a: Tangrowth|72/100 tox|[silent]\n|-damage|p2a: Tangrowth|53/100 tox|[from] psn\n|-damage|p1a: Toxapex|41/100 brn|[from] brn\n|upkeep\n|turn|106\n|inactive|Apostles Warning has 120 seconds left.\n|\n|t:|1790778893\n|switch|p2a: Slowking|Slowking-Galar, M|100/100 brn\n|move|p1a: Toxapex|Recover|p1a: Toxapex\n|-heal|p1a: Toxapex|91/100 brn\n|\n|-damage|p1a: Toxapex|79/100 brn|[from] Leech Seed|[of] p2a: Slowking\n|-damage|p1a: Toxapex|73/100 brn|[from] brn\n|-damage|p2a: Slowking|94/100 brn|[from] brn\n|upkeep\n|turn|107\n|\n|t:|1790778904\n|switch|p1a: Corviknight|Corviknight, F|82/100 brn\n|-damage|p1a: Corviknight|69/100 brn|[from] Stealth Rock\n|-ability|p1a: Corviknight|Pressure\n|switch|p2a: Tangrowth|Tangrowth, M|87/100 tox\n|\n|-damage|p2a: Tangrowth|80/100 tox|[from] psn\n|-damage|p1a: Corviknight|63/100 brn|[from] brn\n|upkeep\n|turn|108\n|\n|t:|1790778918\n|switch|p2a: Tapu Koko|Tapu Koko|39/100 brn\n|-fieldstart|move: Electric Terrain|[from] ability: Electric Surge|[of] p2a: Tapu Koko\n|move|p1a: Corviknight|Defog|p2a: Tapu Koko\n|-unboost|p2a: Tapu Koko|evasion|1\n|-sideend|p1: Apostles Warning|Stealth Rock|[from] move: Defog|[of] p1a: Corviknight\n|-fieldend|move: Electric Terrain\n|\n|-damage|p2a: Tapu Koko|33/100 brn|[from] brn\n|-damage|p1a: Corviknight|57/100 brn|[from] brn\n|upkeep\n|turn|109\n|\n|t:|1790778935\n|switch|p1a: Slowking|Slowking-Galar, F|40/100\n|move|p2a: Tapu Koko|Thunderbolt|p1a: Slowking\n|-damage|p1a: Slowking|12/100\n|\n|-damage|p2a: Tapu Koko|27/100 brn|[from] brn\n|upkeep\n|turn|110\n|\n|t:|1790778944\n|switch|p1a: Toxapex|Toxapex, M|100/100 brn\n|move|p2a: Tapu Koko|Thunderbolt|p1a: Toxapex\n|-supereffective|p1a: Toxapex\n|-damage|p1a: Toxapex|48/100 brn\n|\n|-damage|p2a: Tapu Koko|21/100 brn|[from] brn\n|-damage|p1a: Toxapex|42/100 brn|[from] brn\n|upkeep\n|turn|111\n|inactive|Artorias21 has 120 seconds left.\n|\n|t:|1790778964\n|switch|p1a: Slowking|Slowking-Galar, F|46/100\n|move|p2a: Tapu Koko|Volt Switch|p1a: Slowking\n|-damage|p1a: Slowking|26/100\n|\n|t:|1790778971\n|switch|p2a: Slowking|Slowking-Galar, M|100/100 brn|[from] Volt Switch\n|\n|-damage|p2a: Slowking|94/100 brn|[from] brn\n|upkeep\n|turn|112\n|\n|t:|1790778978\n|switch|p1a: Corviknight|Corviknight, F|57/100 brn\n|-ability|p1a: Corviknight|Pressure\n|move|p2a: Slowking|Psyshock|p1a: Corviknight\n|-resisted|p1a: Corviknight\n|-damage|p1a: Corviknight|48/100 brn\n|\n|-damage|p1a: Corviknight|42/100 brn|[from] brn\n|-damage|p2a: Slowking|88/100 brn|[from] brn\n|upkeep\n|turn|113\n|inactive|Artorias21 has 120 seconds left.\n|\n|t:|1790779006\n|move|p1a: Corviknight|Roost|p1a: Corviknight\n|-heal|p1a: Corviknight|92/100 brn\n|-singleturn|p1a: Corviknight|move: Roost\n|move|p2a: Slowking|Ice Beam|p1a: Corviknight\n|-resisted|p1a: Corviknight\n|-damage|p1a: Corviknight|80/100 brn\n|\n|-damage|p1a: Corviknight|74/100 brn|[from] brn\n|-damage|p2a: Slowking|82/100 brn|[from] brn\n|upkeep\n|turn|114\n|inactive|Apostles Warning has 90 seconds left.\n|\n|t:|1790779026\n|switch|p2a: Moltres|Moltres|56/100 tox\n|move|p1a: Corviknight|Iron Defense|p1a: Corviknight\n|-boost|p1a: Corviknight|def|2\n|\n|-damage|p2a: Moltres|50/100 tox|[from] psn\n|-damage|p1a: Corviknight|68/100 brn|[from] brn\n|upkeep\n|turn|115\n|\n|t:|1790779037\n|switch|p1a: Toxapex|Toxapex, M|76/100 brn\n|move|p2a: Moltres|Roost|p2a: Moltres\n|-heal|p2a: Moltres|99/100 tox\n|-singleturn|p2a: Moltres|move: Roost\n|\n|-damage|p2a: Moltres|88/100 tox|[from] psn\n|-damage|p1a: Toxapex|70/100 brn|[from] brn\n|upkeep\n|turn|116\n|\n|t:|1790779052\n|switch|p2a: Slowking|Slowking-Galar, M|100/100 brn\n|move|p1a: Toxapex|Scald|p2a: Slowking\n|-damage|p2a: Slowking|94/100 brn\n|\n|-damage|p1a: Toxapex|64/100 brn|[from] brn\n|-damage|p2a: Slowking|88/100 brn|[from] brn\n|upkeep\n|turn|117\n|inactive|Artorias21 has 90 seconds left.\n|\n|t:|1790779088\n|switch|p1a: Corviknight|Corviknight, F|68/100 brn\n|-ability|p1a: Corviknight|Pressure\n|switch|p2a: Tangrowth|Tangrowth, M|100/100 tox\n|\n|-damage|p2a: Tangrowth|94/100 tox|[from] psn\n|-damage|p1a: Corviknight|61/100 brn|[from] brn\n|upkeep\n|turn|118\n|\n|t:|1790779101\n|move|p1a: Corviknight|Roost|p1a: Corviknight\n|-heal|p1a: Corviknight|100/100 brn\n|-singleturn|p1a: Corviknight|move: Roost\n|move|p2a: Tangrowth|Leech Seed|p1a: Corviknight\n|-start|p1a: Corviknight|move: Leech Seed\n|\n|-damage|p1a: Corviknight|88/100 brn|[from] Leech Seed|[of] p2a: Tangrowth\n|-heal|p2a: Tangrowth|100/100 tox|[silent]\n|-damage|p2a: Tangrowth|88/100 tox|[from] psn\n|-damage|p1a: Corviknight|82/100 brn|[from] brn\n|upkeep\n|turn|119\n|inactive|Apostles Warning has 60 seconds left.\n|\n|t:|1790779124\n|switch|p1a: Slowking|Slowking-Galar, F|59/100\n|move|p2a: Tangrowth|Knock Off|p1a: Slowking\n|-supereffective|p1a: Slowking\n|-damage|p1a: Slowking|32/100\n|\n|-damage|p2a: Tangrowth|70/100 tox|[from] psn\n|upkeep\n|turn|120\n|inactive|Apostles Warning has 60 seconds left.\n|\n|t:|1790779134\n|switch|p2a: Slowking|Slowking-Galar, M|100/100 brn\n|move|p1a: Slowking|Sludge Bomb|p2a: Slowking\n|-resisted|p2a: Slowking\n|-damage|p2a: Slowking|94/100 brn\n|\n|-damage|p2a: Slowking|88/100 brn|[from] brn\n|upkeep\n|turn|121\n|inactive|Artorias21 has 60 seconds left.\n|\n|t:|1790779150\n|switch|p1a: Corviknight|Corviknight, F|82/100 brn\n|-ability|p1a: Corviknight|Pressure\n|move|p2a: Slowking|Psyshock|p1a: Corviknight\n|-resisted|p1a: Corviknight\n|-damage|p1a: Corviknight|73/100 brn\n|\n|-damage|p1a: Corviknight|66/100 brn|[from] brn\n|-damage|p2a: Slowking|81/100 brn|[from] brn\n|upkeep\n|turn|122\n|c|\u2606Artorias21|People hate playing Pok\u00e9mon because of people like you\n|\n|t:|1790779165\n|switch|p2a: Moltres|Moltres|88/100 tox\n|move|p1a: Corviknight|Body Press|p2a: Moltres\n|-resisted|p2a: Moltres\n|-damage|p2a: Moltres|83/100 tox\n|\n|-damage|p2a: Moltres|77/100 tox|[from] psn\n|-damage|p1a: Corviknight|60/100 brn|[from] brn\n|upkeep\n|turn|123\n|\n|t:|1790779176\n|switch|p1a: Toxapex|Toxapex, M|97/100 brn\n|move|p2a: Moltres|Roost|p2a: Moltres\n|-heal|p2a: Moltres|100/100 tox\n|-singleturn|p2a: Moltres|move: Roost\n|\n|-damage|p2a: Moltres|88/100 tox|[from] psn\n|-damage|p1a: Toxapex|91/100 brn|[from] brn\n|upkeep\n|turn|124\n|\n|t:|1790779186\n|switch|p2a: Slowking|Slowking-Galar, M|100/100 brn\n|move|p1a: Toxapex|Scald|p2a: Slowking\n|-damage|p2a: Slowking|94/100 brn\n|\n|-damage|p1a: Toxapex|85/100 brn|[from] brn\n|-damage|p2a: Slowking|88/100 brn|[from] brn\n|upkeep\n|turn|125\n|\n|t:|1790779200\n|switch|p2a: Tangrowth|Tangrowth, M|100/100 tox\n|move|p1a: Toxapex|Recover|p1a: Toxapex\n|-heal|p1a: Toxapex|100/100 brn\n|\n|-damage|p2a: Tangrowth|94/100 tox|[from] psn\n|-damage|p1a: Toxapex|95/100 brn|[from] brn\n|upkeep\n|turn|126\n|inactive|Apostles Warning has 30 seconds left.\n|\n|t:|1790779215\n|switch|p2a: Slowking|Slowking-Galar, M|100/100 brn\n|move|p1a: Toxapex|Toxic||[still]\n|-fail|p1a: Toxapex\n|\n|-damage|p1a: Toxapex|89/100 brn|[from] brn\n|-damage|p2a: Slowking|94/100 brn|[from] brn\n|upkeep\n|turn|127\n|inactive|Apostles Warning has 30 seconds left this turn.\n|inactive|Apostles Warning has 20 seconds left.\n|\n|t:|1790779230\n|switch|p2a: Tangrowth|Tangrowth, M|100/100 tox\n|move|p1a: Toxapex|Scald|p2a: Tangrowth\n|-resisted|p2a: Tangrowth\n|-damage|p2a: Tangrowth|90/100 tox\n|\n|-damage|p2a: Tangrowth|84/100 tox|[from] psn\n|-damage|p1a: Toxapex|83/100 brn|[from] brn\n|upkeep\n|turn|128\n|inactive|Apostles Warning has 25 seconds left this turn.\n|inactive|Apostles Warning has 20 seconds left.\n|\n|t:|1790779239\n|move|p2a: Tangrowth|Leech Seed|p1a: Toxapex\n|-start|p1a: Toxapex|move: Leech Seed\n|move|p1a: Toxapex|Haze|p1a: Toxapex\n|-clearallboost\n|\n|-damage|p1a: Toxapex|70/100 brn|[from] Leech Seed|[of] p2a: Tangrowth\n|-heal|p2a: Tangrowth|93/100 tox|[silent]\n|-damage|p2a: Tangrowth|81/100 tox|[from] psn\n|-damage|p1a: Toxapex|65/100 brn|[from] brn\n|upkeep\n|turn|129\n|inactive|Apostles Warning has 25 seconds left this turn.\n|inactive|Apostles Warning has 20 seconds left.\n|inactive|Apostles Warning has 15 seconds left.\n|\n|t:|1790779253\n|switch|p2a: Slowking|Slowking-Galar, M|100/100 brn\n|switch|p1a: Slowking|Slowking-Galar, F|65/100\n|\n|-damage|p2a: Slowking|94/100 brn|[from] brn\n|upkeep\n|turn|130\n|inactive|Apostles Warning has 20 seconds left this turn.\n|inactive|Apostles Warning has 15 seconds left.\n|\n|t:|1790779264\n|move|p1a: Slowking|Future Sight|p2a: Slowking\n|-start|p1a: Slowking|move: Future Sight\n|move|p2a: Slowking|Ice Beam|p1a: Slowking\n|-damage|p1a: Slowking|49/100\n|\n|-damage|p2a: Slowking|88/100 brn|[from] brn\n|upkeep\n|turn|131\n|inactive|Apostles Warning has 20 seconds left this turn.\n|inactive|Apostles Warning has 15 seconds left.\n|\n|t:|1790779271\n|switch|p1a: Corviknight|Corviknight, F|60/100 brn\n|-ability|p1a: Corviknight|Pressure\n|move|p2a: Slowking|Sludge Bomb|p1a: Corviknight\n|-immune|p1a: Corviknight\n|\n|-damage|p1a: Corviknight|54/100 brn|[from] brn\n|-damage|p2a: Slowking|82/100 brn|[from] brn\n|upkeep\n|turn|132\n|inactive|Apostles Warning has 20 seconds left this turn.\n|inactive|Apostles Warning has 15 seconds left.\n|inactive|Apostles Warning has 10 seconds left.\n|\n|t:|1790779281\n|move|p1a: Corviknight|Roost|p1a: Corviknight\n|-heal|p1a: Corviknight|100/100 brn\n|-singleturn|p1a: Corviknight|move: Roost\n|move|p2a: Slowking|Flamethrower|p1a: Corviknight\n|-supereffective|p1a: Corviknight\n|-damage|p1a: Corviknight|56/100 brn\n|\n|-end|p2a: Slowking|move: Future Sight\n|-damage|p2a: Slowking|62/100 brn\n|-damage|p1a: Corviknight|50/100 brn|[from] brn\n|-damage|p2a: Slowking|56/100 brn|[from] brn\n|upkeep\n|turn|133\n|inactive|Apostles Warning has 15 seconds left this turn.\n|inactive|Apostles Warning has 10 seconds left.\n|inactive|Apostles Warning has 5 seconds left.\n|inactive|Artorias21 has 30 seconds left.\n|\n|t:|1790779291\n|switch|p2a: Moltres|Moltres|88/100 tox\n|move|p1a: Corviknight|Roost|p1a: Corviknight\n|-heal|p1a: Corviknight|99/100 brn\n|-singleturn|p1a: Corviknight|move: Roost\n|\n|-damage|p2a: Moltres|82/100 tox|[from] psn\n|-damage|p1a: Corviknight|94/100 brn|[from] brn\n|upkeep\n|turn|134\n|inactive|Apostles Warning has 10 seconds left this turn.\n|inactive|Artorias21 has 30 seconds left.\n|\n|t:|1790779298\n|switch|p1a: Toxapex|Toxapex, M|98/100 brn\n|move|p2a: Moltres|Flamethrower|p1a: Toxapex\n|-resisted|p1a: Toxapex\n|-damage|p1a: Toxapex|86/100 brn\n|\n|-damage|p2a: Moltres|70/100 tox|[from] psn\n|-damage|p1a: Toxapex|80/100 brn|[from] brn\n|upkeep\n|turn|135\n|inactive|Apostles Warning has 15 seconds left this turn.\n|\n|t:|1790779302\n|switch|p2a: Slowking|Slowking-Galar, M|89/100 brn\n|move|p1a: Toxapex|Scald|p2a: Slowking\n|-damage|p2a: Slowking|83/100 brn\n|\n|-damage|p1a: Toxapex|74/100 brn|[from] brn\n|-damage|p2a: Slowking|77/100 brn|[from] brn\n|upkeep\n|turn|136\n|inactive|Apostles Warning has 20 seconds left this turn.\n|inactive|Apostles Warning has 15 seconds left.\n|\n|t:|1790779311\n|switch|p2a: Tangrowth|Tangrowth, M|100/100 tox\n|move|p1a: Toxapex|Recover|p1a: Toxapex\n|-heal|p1a: Toxapex|100/100 brn\n|\n|-damage|p2a: Tangrowth|94/100 tox|[from] psn\n|-damage|p1a: Toxapex|95/100 brn|[from] brn\n|upkeep\n|turn|137\n|inactive|Apostles Warning has 20 seconds left this turn.\n|inactive|Apostles Warning has 15 seconds left.\n|\n|t:|1790779320\n|switch|p1a: Slowking|Slowking-Galar, F|82/100\n|move|p2a: Tangrowth|Leech Seed|p1a: Slowking\n|-start|p1a: Slowking|move: Leech Seed\n|\n|-damage|p1a: Slowking|70/100|[from] Leech Seed|[of] p2a: Tangrowth\n|-heal|p2a: Tangrowth|100/100 tox|[silent]\n|-damage|p2a: Tangrowth|88/100 tox|[from] psn\n|upkeep\n|turn|138\n|inactive|Apostles Warning has 20 seconds left this turn.\n|inactive|Apostles Warning has 15 seconds left.\n|\n|t:|1790779328\n|switch|p2a: Slowking|Slowking-Galar, M|100/100 brn\n|move|p1a: Slowking|Flamethrower|p2a: Slowking\n|-damage|p2a: Slowking|90/100 brn\n|\n|-damage|p1a: Slowking|57/100|[from] Leech Seed|[of] p2a: Slowking\n|-heal|p2a: Slowking|100/100 brn|[silent]\n|-damage|p2a: Slowking|94/100 brn|[from] brn\n|upkeep\n|turn|139\n|inactive|Apostles Warning has 20 seconds left this turn.\n|inactive|Apostles Warning has 15 seconds left.\n|\n|t:|1790779337\n|switch|p1a: Corviknight|Corviknight, F|94/100 brn\n|-ability|p1a: Corviknight|Pressure\n|move|p2a: Slowking|Ice Beam|p1a: Corviknight\n|-damage|p1a: Corviknight|72/100 brn\n|\n|-damage|p1a: Corviknight|65/100 brn|[from] brn\n|-damage|p2a: Slowking|88/100 brn|[from] brn\n|upkeep\n|turn|140\n|inactive|Apostles Warning has 20 seconds left this turn.\n|inactive|Apostles Warning has 15 seconds left.\n|inactive|Apostles Warning has 10 seconds left.\n|\n|t:|1790779348\n|switch|p1a: Toxapex|Toxapex, M|100/100 brn\n|switch|p2a: Moltres|Moltres|70/100 tox\n|\n|-damage|p2a: Moltres|64/100 tox|[from] psn\n|-damage|p1a: Toxapex|95/100 brn|[from] brn\n|upkeep\n|turn|141\n|inactive|Apostles Warning has 15 seconds left this turn.\n|inactive|Apostles Warning has 10 seconds left.\n|\n|t:|1790779355\n|switch|p2a: Slowking|Slowking-Galar, M|100/100 brn\n|move|p1a: Toxapex|Scald|p2a: Slowking\n|-damage|p2a: Slowking|94/100 brn\n|\n|-damage|p1a: Toxapex|89/100 brn|[from] brn\n|-damage|p2a: Slowking|88/100 brn|[from] brn\n|upkeep\n|turn|142\n|inactive|Apostles Warning has 15 seconds left this turn.\n|inactive|Apostles Warning has 10 seconds left.\n|\n|t:|1790779360\n|switch|p2a: Tangrowth|Tangrowth, M|100/100 tox\n|move|p1a: Toxapex|Recover|p1a: Toxapex\n|-heal|p1a: Toxapex|100/100 brn\n|\n|-damage|p2a: Tangrowth|94/100 tox|[from] psn\n|-damage|p1a: Toxapex|95/100 brn|[from] brn\n|upkeep\n|turn|143\n|inactive|Apostles Warning has 15 seconds left this turn.\n|\n|t:|1790779365\n|switch|p1a: Slowking|Slowking-Galar, F|91/100\n|move|p2a: Tangrowth|Leech Seed|p1a: Slowking\n|-start|p1a: Slowking|move: Leech Seed\n|\n|-damage|p1a: Slowking|78/100|[from] Leech Seed|[of] p2a: Tangrowth\n|-heal|p2a: Tangrowth|100/100 tox|[silent]\n|-damage|p2a: Tangrowth|88/100 tox|[from] psn\n|upkeep\n|turn|144\n|inactive|Apostles Warning has 20 seconds left this turn.\n|\n|t:|1790779369\n|switch|p2a: Slowking|Slowking-Galar, M|100/100 brn\n|move|p1a: Slowking|Future Sight|p2a: Slowking\n|-start|p1a: Slowking|move: Future Sight\n|\n|-damage|p1a: Slowking|66/100|[from] Leech Seed|[of] p2a: Slowking\n|-damage|p2a: Slowking|94/100 brn|[from] brn\n|upkeep\n|turn|145\n|inactive|Apostles Warning has 25 seconds left this turn.\n|inactive|Apostles Warning has 20 seconds left.\n|\n|t:|1790779387\n|switch|p1a: Corviknight|Corviknight, F|65/100 brn\n|-ability|p1a: Corviknight|Pressure\n|move|p2a: Slowking|Sludge Bomb|p1a: Corviknight\n|-immune|p1a: Corviknight\n|\n|-damage|p1a: Corviknight|59/100 brn|[from] brn\n|-damage|p2a: Slowking|88/100 brn|[from] brn\n|upkeep\n|turn|146\n|inactive|Apostles Warning has 25 seconds left this turn.\n|inactive|Apostles Warning has 20 seconds left.\n|inactive|Apostles Warning has 15 seconds left.\n|\n|t:|1790779400\n|move|p1a: Corviknight|Iron Defense|p1a: Corviknight\n|-boost|p1a: Corviknight|def|2\n|move|p2a: Slowking|Sludge Bomb|p1a: Corviknight\n|-immune|p1a: Corviknight\n|\n|-end|p2a: Slowking|move: Future Sight\n|-damage|p2a: Slowking|67/100 brn\n|-damage|p1a: Corviknight|53/100 brn|[from] brn\n|-damage|p2a: Slowking|61/100 brn|[from] brn\n|upkeep\n|turn|147\n|inactive|Apostles Warning has 20 seconds left this turn.\n|inactive|Apostles Warning has 15 seconds left.\n|\n|t:|1790779416\n|switch|p2a: Moltres|Moltres|64/100 tox\n|move|p1a: Corviknight|Body Press|p2a: Moltres\n|-resisted|p2a: Moltres\n|-damage|p2a: Moltres|54/100 tox\n|\n|-damage|p2a: Moltres|48/100 tox|[from] psn\n|-damage|p1a: Corviknight|47/100 brn|[from] brn\n|upkeep\n|turn|148\n|inactive|Apostles Warning has 20 seconds left this turn.\n|inactive|Apostles Warning has 15 seconds left.\n|\n|t:|1790779425\n|switch|p1a: Toxapex|Toxapex, M|100/100 brn\n|move|p2a: Moltres|Roost|p2a: Moltres\n|-heal|p2a: Moltres|98/100 tox\n|-singleturn|p2a: Moltres|move: Roost\n|\n|-damage|p2a: Moltres|86/100 tox|[from] psn\n|-damage|p1a: Toxapex|95/100 brn|[from] brn\n|upkeep\n|turn|149\n|inactive|Apostles Warning has 20 seconds left this turn.\n|inactive|Apostles Warning has 15 seconds left.\n|\n|t:|1790779435\n|switch|p2a: Slowking|Slowking-Galar, M|94/100 brn\n|move|p1a: Toxapex|Haze|p1a: Toxapex\n|-clearallboost\n|\n|-damage|p1a: Toxapex|89/100 brn|[from] brn\n|-damage|p2a: Slowking|88/100 brn|[from] brn\n|upkeep\n|turn|150\n|inactive|Apostles Warning has 20 seconds left this turn.\n|inactive|Apostles Warning has 15 seconds left.\n|\n|t:|1790779444\n|switch|p2a: Tangrowth|Tangrowth, M|100/100 tox\n|move|p1a: Toxapex|Haze|p1a: Toxapex\n|-clearallboost\n|\n|-damage|p2a: Tangrowth|94/100 tox|[from] psn\n|-damage|p1a: Toxapex|83/100 brn|[from] brn\n|upkeep\n|turn|151\n|inactive|Apostles Warning has 20 seconds left this turn.\n|inactive|Apostles Warning has 15 seconds left.\n|\n|t:|1790779450\n|switch|p1a: Corviknight|Corviknight, F|47/100 brn\n|-ability|p1a: Corviknight|Pressure\n|move|p2a: Tangrowth|Giga Drain|p1a: Corviknight\n|-resisted|p1a: Corviknight\n|-damage|p1a: Corviknight|40/100 brn\n|-heal|p2a: Tangrowth|98/100 tox|[from] drain|[of] p1a: Corviknight\n|\n|-damage|p2a: Tangrowth|85/100 tox|[from] psn\n|-damage|p1a: Corviknight|34/100 brn|[from] brn\n|upkeep\n|turn|152\n|inactive|Apostles Warning has 20 seconds left this turn.\n|inactive|Apostles Warning has 15 seconds left.\n|\n|t:|1790779458\n|switch|p2a: Moltres|Moltres|86/100 tox\n|move|p1a: Corviknight|Roost|p1a: Corviknight\n|-heal|p1a: Corviknight|84/100 brn\n|-singleturn|p1a: Corviknight|move: Roost\n|\n|-damage|p2a: Moltres|80/100 tox|[from] psn\n|-damage|p1a: Corviknight|77/100 brn|[from] brn\n|upkeep\n|turn|153\n|inactive|Apostles Warning has 20 seconds left this turn.\n|\n|t:|1790779464\n|switch|p1a: Toxapex|Toxapex, M|100/100 brn\n|move|p2a: Moltres|Flamethrower|p1a: Toxapex\n|-resisted|p1a: Toxapex\n|-damage|p1a: Toxapex|88/100 brn\n|\n|-damage|p2a: Moltres|68/100 tox|[from] psn\n|-damage|p1a: Toxapex|82/100 brn|[from] brn\n|upkeep\n|turn|154\n|inactive|Apostles Warning has 25 seconds left this turn.\n|inactive|Apostles Warning has 20 seconds left.\n|\n|t:|1790779470\n|switch|p2a: Slowking|Slowking-Galar, M|100/100 brn\n|move|p1a: Toxapex|Scald|p2a: Slowking\n|-damage|p2a: Slowking|94/100 brn\n|\n|-damage|p1a: Toxapex|76/100 brn|[from] brn\n|-damage|p2a: Slowking|88/100 brn|[from] brn\n|upkeep\n|turn|155\n|inactive|Apostles Warning has 25 seconds left this turn.\n|inactive|Apostles Warning has 20 seconds left.\n|c|\u2606Artorias21|People hate playing Pok\u00e9mon because of people like you.\n|c|\u2606Artorias21|zzz\n|c|\u2606Artorias21|i won\n|\n|t:|1790779490\n|switch|p2a: Tangrowth|Tangrowth, M|100/100 tox\n|move|p1a: Toxapex|Haze|p1a: Toxapex\n|-clearallboost\n|\n|-damage|p2a: Tangrowth|94/100 tox|[from] psn\n|-damage|p1a: Toxapex|70/100 brn|[from] brn\n|upkeep\n|turn|156\n|inactive|Apostles Warning has 25 seconds left this turn.\n|inactive|Apostles Warning has 20 seconds left.\n|\n|t:|1790779500\n|move|p2a: Tangrowth|Giga Drain|p1a: Toxapex\n|-damage|p1a: Toxapex|54/100 brn\n|-heal|p2a: Tangrowth|100/100 tox|[from] drain|[of] p1a: Toxapex\n|move|p1a: Toxapex|Haze|p1a: Toxapex\n|-clearallboost\n|\n|-damage|p2a: Tangrowth|88/100 tox|[from] psn\n|-damage|p1a: Toxapex|48/100 brn|[from] brn\n|upkeep\n|turn|157\n|inactive|Apostles Warning has 25 seconds left this turn.\n|inactive|Apostles Warning has 20 seconds left.\n|\n|t:|1790779509\n|move|p2a: Tangrowth|Leech Seed|p1a: Toxapex\n|-start|p1a: Toxapex|move: Leech Seed\n|move|p1a: Toxapex|Recover|p1a: Toxapex\n|-heal|p1a: Toxapex|98/100 brn\n|\n|-damage|p1a: Toxapex|86/100 brn|[from] Leech Seed|[of] p2a: Tangrowth\n|-heal|p2a: Tangrowth|97/100 tox|[silent]\n|-damage|p2a: Tangrowth|79/100 tox|[from] psn\n|-damage|p1a: Toxapex|80/100 brn|[from] brn\n|upkeep\n|turn|158\n|inactive|Apostles Warning has 25 seconds left this turn.\n|inactive|Apostles Warning has 20 seconds left.\n|\n|t:|1790779518\n|switch|p2a: Slowking|Slowking-Galar, M|100/100 brn\n|switch|p1a: Slowking|Slowking-Galar, F|99/100\n|\n|-damage|p2a: Slowking|94/100 brn|[from] brn\n|upkeep\n|turn|159\n|inactive|Apostles Warning has 25 seconds left this turn.\n|inactive|Apostles Warning has 20 seconds left.\n|inactive|Apostles Warning has 15 seconds left.\n|\n|t:|1790779529\n|move|p1a: Slowking|Scald|p2a: Slowking\n|-damage|p2a: Slowking|86/100 brn\n|move|p2a: Slowking|Psyshock|p1a: Slowking\n|-damage|p1a: Slowking|71/100\n|\n|-damage|p2a: Slowking|80/100 brn|[from] brn\n|upkeep\n|turn|160\n|inactive|Apostles Warning has 20 seconds left this turn.\n|inactive|Apostles Warning has 15 seconds left.\n|\n|t:|1790779548\n|switch|p2a: Tangrowth|Tangrowth, M|100/100 tox\n|move|p1a: Slowking|Future Sight|p2a: Tangrowth\n|-start|p1a: Slowking|move: Future Sight\n|\n|-damage|p2a: Tangrowth|94/100 tox|[from] psn\n|upkeep\n|turn|161\n|inactive|Apostles Warning has 20 seconds left this turn.\n|inactive|Apostles Warning has 15 seconds left.\n|\n|t:|1790779553\n|switch|p2a: Slowking|Slowking-Galar, M|100/100 brn\n|move|p1a: Slowking|Sludge Bomb|p2a: Slowking\n|-resisted|p2a: Slowking\n|-damage|p2a: Slowking|93/100 brn\n|\n|-damage|p2a: Slowking|87/100 brn|[from] brn\n|upkeep\n|turn|162\n|inactive|Apostles Warning has 20 seconds left this turn.\n|inactive|Apostles Warning has 15 seconds left.\n|\n|t:|1790779563\n|switch|p1a: Corviknight|Corviknight, F|77/100 brn\n|-ability|p1a: Corviknight|Pressure\n|move|p2a: Slowking|Sludge Bomb|p1a: Corviknight\n|-immune|p1a: Corviknight\n|\n|-end|p2a: Slowking|move: Future Sight\n|-damage|p2a: Slowking|68/100 brn\n|-damage|p1a: Corviknight|71/100 brn|[from] brn\n|-damage|p2a: Slowking|62/100 brn|[from] brn\n|upkeep\n|turn|163\n|inactive|Apostles Warning has 20 seconds left this turn.\n|inactive|Apostles Warning has 15 seconds left.\n|inactive|Apostles Warning has 10 seconds left.\n|\n|t:|1790779576\n|switch|p1a: Toxapex|Toxapex, M|100/100 brn\n|switch|p2a: Moltres|Moltres|68/100 tox\n|\n|-damage|p2a: Moltres|62/100 tox|[from] psn\n|-damage|p1a: Toxapex|95/100 brn|[from] brn\n|upkeep\n|turn|164\n|inactive|Apostles Warning has 15 seconds left this turn.\n|inactive|Apostles Warning has 10 seconds left.\n|\n|t:|1790779585\n|switch|p2a: Slowking|Slowking-Galar, M|95/100 brn\n|move|p1a: Toxapex|Recover|p1a: Toxapex\n|-heal|p1a: Toxapex|100/100 brn\n|\n|-damage|p1a: Toxapex|95/100 brn|[from] brn\n|-damage|p2a: Slowking|89/100 brn|[from] brn\n|upkeep\n|turn|165\n|inactive|Apostles Warning has 15 seconds left this turn.\n|\n|t:|1790779590\n|switch|p2a: Tangrowth|Tangrowth, M|100/100 tox\n|move|p1a: Toxapex|Haze|p1a: Toxapex\n|-clearallboost\n|\n|-damage|p2a: Tangrowth|94/100 tox|[from] psn\n|-damage|p1a: Toxapex|89/100 brn|[from] brn\n|upkeep\n|turn|166\n|inactive|Apostles Warning has 20 seconds left this turn.\n|inactive|Apostles Warning has 15 seconds left.\n|\n|t:|1790779599\n|switch|p1a: Slowking|Slowking-Galar, F|100/100\n|move|p2a: Tangrowth|Giga Drain|p1a: Slowking\n|-resisted|p1a: Slowking\n|-crit|p1a: Slowking\n|-damage|p1a: Slowking|85/100\n|-heal|p2a: Tangrowth|100/100 tox|[from] drain|[of] p1a: Slowking\n|\n|-damage|p2a: Tangrowth|88/100 tox|[from] psn\n|upkeep\n|turn|167\n|inactive|Apostles Warning has 20 seconds left this turn.\n|inactive|Apostles Warning has 15 seconds left.\n|\n|t:|1790779607\n|switch|p2a: Slowking|Slowking-Galar, M|100/100 brn\n|move|p1a: Slowking|Flamethrower|p2a: Slowking\n|-damage|p2a: Slowking|90/100 brn\n|\n|-damage|p2a: Slowking|84/100 brn|[from] brn\n|upkeep\n|turn|168\n|inactive|Apostles Warning has 20 seconds left this turn.\n|inactive|Apostles Warning has 15 seconds left.\n|\n|t:|1790779614\n|switch|p1a: Corviknight|Corviknight, F|71/100 brn\n|-ability|p1a: Corviknight|Pressure\n|move|p2a: Slowking|Sludge Bomb|p1a: Corviknight\n|-immune|p1a: Corviknight\n|\n|-damage|p1a: Corviknight|65/100 brn|[from] brn\n|-damage|p2a: Slowking|78/100 brn|[from] brn\n|upkeep\n|turn|169\n|inactive|Apostles Warning has 20 seconds left this turn.\n|inactive|Apostles Warning has 15 seconds left.\n|\n|t:|1790779624\n|switch|p1a: Slowking|Slowking-Galar, F|100/100\n|switch|p2a: Moltres|Moltres|62/100 tox\n|\n|-damage|p2a: Moltres|56/100 tox|[from] psn\n|upkeep\n|turn|170\n|inactive|Apostles Warning has 20 seconds left this turn.\n|inactive|Apostles Warning has 15 seconds left.\n|\n|t:|1790779630\n|switch|p2a: Slowking|Slowking-Galar, M|100/100 brn\n|move|p1a: Slowking|Scald|p2a: Slowking\n|-damage|p2a: Slowking|92/100 brn\n|\n|-damage|p2a: Slowking|86/100 brn|[from] brn\n|upkeep\n|turn|171\n|inactive|Apostles Warning has 20 seconds left this turn.\n|inactive|Apostles Warning has 15 seconds left.\n|inactive|Apostles Warning has 10 seconds left.\n|\n|t:|1790779645\n|switch|p1a: Toxapex|Toxapex, M|100/100 brn\n|move|p2a: Slowking|Psyshock|p1a: Toxapex\n|-supereffective|p1a: Toxapex\n|-crit|p1a: Toxapex\n|-damage|p1a: Toxapex|33/100 brn\n|\n|-damage|p1a: Toxapex|27/100 brn|[from] brn\n|-damage|p2a: Slowking|80/100 brn|[from] brn\n|upkeep\n|turn|172\n|inactive|Apostles Warning has 15 seconds left this turn.\n|inactive|Apostles Warning has 10 seconds left.\n|\n|t:|1790779652\n|switch|p1a: Corviknight|Corviknight, F|65/100 brn\n|-ability|p1a: Corviknight|Pressure\n|switch|p2a: Tangrowth|Tangrowth, M|100/100 tox\n|\n|-damage|p2a: Tangrowth|94/100 tox|[from] psn\n|-damage|p1a: Corviknight|59/100 brn|[from] brn\n|upkeep\n|turn|173\n|inactive|Apostles Warning has 15 seconds left this turn.\n|inactive|Apostles Warning has 10 seconds left.\n|inactive|Apostles Warning has 5 seconds left.\n|\n|t:|1790779663\n|switch|p1a: Slowking|Slowking-Galar, F|100/100\n|move|p2a: Tangrowth|Leech Seed|p1a: Slowking\n|-start|p1a: Slowking|move: Leech Seed\n|\n|-damage|p1a: Slowking|88/100|[from] Leech Seed|[of] p2a: Tangrowth\n|-heal|p2a: Tangrowth|100/100 tox|[silent]\n|-damage|p2a: Tangrowth|88/100 tox|[from] psn\n|upkeep\n|turn|174\n|inactive|Apostles Warning has 10 seconds left this turn.\n|inactive|Apostles Warning has 5 seconds left.\n|\n|t:|1790779670\n|switch|p2a: Slowking|Slowking-Galar, M|100/100 brn\n|move|p1a: Slowking|Scald|p2a: Slowking\n|-damage|p2a: Slowking|92/100 brn\n|\n|-damage|p1a: Slowking|76/100|[from] Leech Seed|[of] p2a: Slowking\n|-heal|p2a: Slowking|100/100 brn|[silent]\n|-damage|p2a: Slowking|94/100 brn|[from] brn\n|upkeep\n|turn|175\n|inactive|Apostles Warning has 10 seconds left this turn.\n|\n|t:|1790779684\n|switch|p1a: Corviknight|Corviknight, F|59/100 brn\n|-ability|p1a: Corviknight|Pressure\n|switch|p2a: Moltres|Moltres|56/100 tox\n|\n|-damage|p2a: Moltres|50/100 tox|[from] psn\n|-damage|p1a: Corviknight|52/100 brn|[from] brn\n|upkeep\n|turn|176\n|inactive|Apostles Warning has 15 seconds left this turn.\n|\n|t:|1790779688\n|switch|p1a: Toxapex|Toxapex, M|60/100 brn\n|move|p2a: Moltres|Roost|p2a: Moltres\n|-heal|p2a: Moltres|100/100 tox\n|-singleturn|p2a: Moltres|move: Roost\n|\n|-damage|p2a: Moltres|88/100 tox|[from] psn\n|-damage|p1a: Toxapex|54/100 brn|[from] brn\n|upkeep\n|turn|177\n|inactive|Apostles Warning has 20 seconds left this turn.\n|inactive|Apostles Warning has 15 seconds left.\n|\n|t:|1790779695\n|switch|p2a: Tangrowth|Tangrowth, M|100/100 tox\n|move|p1a: Toxapex|Recover|p1a: Toxapex\n|-heal|p1a: Toxapex|100/100 brn\n|\n|-damage|p2a: Tangrowth|94/100 tox|[from] psn\n|-damage|p1a: Toxapex|95/100 brn|[from] brn\n|upkeep\n|turn|178\n|inactive|Apostles Warning has 20 seconds left this turn.\n|inactive|Apostles Warning has 15 seconds left.\n|\n|t:|1790779708\n|switch|p1a: Slowking|Slowking-Galar, F|100/100\n|move|p2a: Tangrowth|Knock Off|p1a: Slowking\n|-supereffective|p1a: Slowking\n|-damage|p1a: Slowking|75/100\n|\n|-damage|p2a: Tangrowth|82/100 tox|[from] psn\n|upkeep\n|turn|179\n|inactive|Apostles Warning has 20 seconds left this turn.\n|inactive|Apostles Warning has 15 seconds left.\n|\n|t:|1790779716\n|switch|p2a: Slowking|Slowking-Galar, M|100/100 brn\n|move|p1a: Slowking|Scald|p2a: Slowking\n|-damage|p2a: Slowking|92/100 brn\n|\n|-damage|p2a: Slowking|86/100 brn|[from] brn\n|upkeep\n|turn|180\n|inactive|Apostles Warning has 20 seconds left this turn.\n|inactive|Apostles Warning has 15 seconds left.\n|\n|t:|1790779729\n|switch|p1a: Toxapex|Toxapex, M|100/100 brn\n|move|p2a: Slowking|Flamethrower|p1a: Toxapex\n|-resisted|p1a: Toxapex\n|-crit|p1a: Toxapex\n|-damage|p1a: Toxapex|90/100 brn\n|\n|-damage|p1a: Toxapex|84/100 brn|[from] brn\n|-damage|p2a: Slowking|80/100 brn|[from] brn\n|upkeep\n|turn|181\n|inactive|Apostles Warning has 20 seconds left this turn.\n|inactive|Apostles Warning has 15 seconds left.\n|\n|t:|1790779735\n|switch|p2a: Tangrowth|Tangrowth, M|100/100 tox\n|move|p1a: Toxapex|Haze|p1a: Toxapex\n|-clearallboost\n|\n|-damage|p2a: Tangrowth|94/100 tox|[from] psn\n|-damage|p1a: Toxapex|78/100 brn|[from] brn\n|upkeep\n|turn|182\n|inactive|Apostles Warning has 20 seconds left this turn.\n|inactive|Apostles Warning has 15 seconds left.\n|\n|t:|1790779744\n|move|p2a: Tangrowth|Knock Off|p1a: Toxapex\n|-damage|p1a: Toxapex|68/100 brn\n|move|p1a: Toxapex|Recover|p1a: Toxapex\n|-heal|p1a: Toxapex|100/100 brn\n|\n|-damage|p2a: Tangrowth|82/100 tox|[from] psn\n|-damage|p1a: Toxapex|95/100 brn|[from] brn\n|upkeep\n|turn|183\n|inactive|Apostles Warning has 20 seconds left this turn.\n|\n|t:|1790779748\n|move|p2a: Tangrowth|Giga Drain|p1a: Toxapex\n|-damage|p1a: Toxapex|78/100 brn\n|-heal|p2a: Tangrowth|88/100 tox|[from] drain|[of] p1a: Toxapex\n|move|p1a: Toxapex|Toxic|p2a: Tangrowth\n|-fail|p2a: Tangrowth|tox\n|\n|-damage|p2a: Tangrowth|70/100 tox|[from] psn\n|-damage|p1a: Toxapex|72/100 brn|[from] brn\n|upkeep\n|turn|184\n|inactive|Apostles Warning has 25 seconds left this turn.\n|inactive|Apostles Warning has 20 seconds left.\n|\n|t:|1790779756\n|switch|p2a: Slowking|Slowking-Galar, M|100/100 brn\n|move|p1a: Toxapex|Recover|p1a: Toxapex\n|-heal|p1a: Toxapex|100/100 brn\n|\n|-damage|p1a: Toxapex|95/100 brn|[from] brn\n|-damage|p2a: Slowking|94/100 brn|[from] brn\n|upkeep\n|turn|185\n|inactive|Apostles Warning has 25 seconds left this turn.\n|inactive|Apostles Warning has 20 seconds left.\n|inactive|Artorias21 has 60 seconds left.\n|\n|t:|1790779766\n|switch|p1a: Slowking|Slowking-Galar, F|100/100\n|switch|p2a: Tangrowth|Tangrowth, M|100/100 tox\n|\n|-damage|p2a: Tangrowth|94/100 tox|[from] psn\n|upkeep\n|turn|186\n|inactive|Apostles Warning has 25 seconds left this turn.\n|inactive|Apostles Warning has 20 seconds left.\n|\n|t:|1790779773\n|switch|p2a: Slowking|Slowking-Galar, M|100/100 brn\n|move|p1a: Slowking|Sludge Bomb|p2a: Slowking\n|-resisted|p2a: Slowking\n|-damage|p2a: Slowking|93/100 brn\n|\n|-damage|p2a: Slowking|87/100 brn|[from] brn\n|upkeep\n|turn|187\n|inactive|Apostles Warning has 25 seconds left this turn.\n|inactive|Apostles Warning has 20 seconds left.\n|inactive|Artorias21 has 60 seconds left.\n|\n|t:|1790779791\n|move|p1a: Slowking|Future Sight|p2a: Slowking\n|-start|p1a: Slowking|move: Future Sight\n|move|p2a: Slowking|Ice Beam|p1a: Slowking\n|-crit|p1a: Slowking\n|-damage|p1a: Slowking|76/100\n|\n|-damage|p2a: Slowking|81/100 brn|[from] brn\n|upkeep\n|turn|188\n|inactive|Apostles Warning has 25 seconds left this turn.\n|inactive|Apostles Warning has 20 seconds left.\n|\n|t:|1790779796\n|move|p1a: Slowking|Future Sight||[still]\n|-fail|p1a: Slowking\n|move|p2a: Slowking|Ice Beam|p1a: Slowking\n|-damage|p1a: Slowking|60/100\n|\n|-damage|p2a: Slowking|75/100 brn|[from] brn\n|upkeep\n|turn|189\n|inactive|Apostles Warning has 25 seconds left this turn.\n|inactive|Artorias21 has 60 seconds left.\n|\n|t:|1790779821\n|move|p1a: Slowking|Scald|p2a: Slowking\n|-damage|p2a: Slowking|65/100 brn\n|move|p2a: Slowking|Flamethrower|p1a: Slowking\n|-damage|p1a: Slowking|44/100\n|\n|-end|p2a: Slowking|move: Future Sight\n|-damage|p2a: Slowking|45/100 brn\n|-damage|p2a: Slowking|39/100 brn|[from] brn\n|upkeep\n|turn|190\n|inactive|Apostles Warning has 30 seconds left this turn.\n|\n|t:|1790779830\n|switch|p1a: Toxapex|Toxapex, M|100/100 brn\n|switch|p2a: Tangrowth|Tangrowth, M|100/100 tox\n|\n|-damage|p2a: Tangrowth|94/100 tox|[from] psn\n|-damage|p1a: Toxapex|95/100 brn|[from] brn\n|upkeep\n|turn|191\n|inactive|Apostles Warning has 30 seconds left this turn.\n|\n|t:|1790779838\n|switch|p2a: Slowking|Slowking-Galar, M|72/100 brn\n|move|p1a: Toxapex|Haze|p1a: Toxapex\n|-clearallboost\n|\n|-damage|p1a: Toxapex|89/100 brn|[from] brn\n|-damage|p2a: Slowking|66/100 brn|[from] brn\n|upkeep\n|turn|192\n|inactive|Apostles Warning has 30 seconds left this turn.\n|\n|t:|1790779846\n|switch|p2a: Tangrowth|Tangrowth, M|100/100 tox\n|move|p1a: Toxapex|Toxic|p2a: Tangrowth\n|-fail|p2a: Tangrowth|tox\n|\n|-damage|p2a: Tangrowth|94/100 tox|[from] psn\n|-damage|p1a: Toxapex|83/100 brn|[from] brn\n|upkeep\n|turn|193\n|inactive|Apostles Warning has 30 seconds left this turn.\n|\n|t:|1790779853\n|move|p2a: Tangrowth|Knock Off|p1a: Toxapex\n|-damage|p1a: Toxapex|72/100 brn\n|move|p1a: Toxapex|Haze|p1a: Toxapex\n|-clearallboost\n|\n|-damage|p2a: Tangrowth|82/100 tox|[from] psn\n|-damage|p1a: Toxapex|66/100 brn|[from] brn\n|upkeep\n|turn|194\n|inactive|Apostles Warning has 30 seconds left this turn.\n|\n|t:|1790779859\n|move|p2a: Tangrowth|Giga Drain|p1a: Toxapex\n|-damage|p1a: Toxapex|47/100 brn\n|-heal|p2a: Tangrowth|89/100 tox|[from] drain|[of] p1a: Toxapex\n|move|p1a: Toxapex|Haze|p1a: Toxapex\n|-clearallboost\n|\n|-damage|p2a: Tangrowth|71/100 tox|[from] psn\n|-damage|p1a: Toxapex|41/100 brn|[from] brn\n|upkeep\n|turn|195\n|inactive|Apostles Warning has 30 seconds left this turn.\n|\n|t:|1790779868\n|switch|p2a: Slowking|Slowking-Galar, M|99/100 brn\n|switch|p1a: Slowking|Slowking-Galar, F|77/100\n|\n|-damage|p2a: Slowking|93/100 brn|[from] brn\n|upkeep\n|turn|196\n|inactive|Apostles Warning has 30 seconds left this turn.\n|inactive|Artorias21 has 30 seconds left.\n|inactive|Artorias21 has 20 seconds left.\n|\n|t:|1790779900\n|switch|p2a: Moltres|Moltres|88/100 tox\n|move|p1a: Slowking|Scald|p2a: Moltres\n|-supereffective|p2a: Moltres\n|-crit|p2a: Moltres\n|-damage|p2a: Moltres|24/100 tox\n|\n|-damage|p2a: Moltres|18/100 tox|[from] psn\n|upkeep\n|turn|197\n|inactive|Apostles Warning has 30 seconds left this turn.\n|inactive|Artorias21 has 25 seconds left this turn.\n|inactive|Artorias21 has 20 seconds left.\n|\n|t:|1790779908\n|move|p2a: Moltres|Scorching Sands|p1a: Slowking\n|-supereffective|p1a: Slowking\n|-damage|p1a: Slowking|48/100\n|move|p1a: Slowking|Scald|p2a: Moltres\n|-supereffective|p2a: Moltres\n|-damage|p2a: Moltres|0 fnt\n|faint|p2a: Moltres\n|\n|upkeep\n|inactive|Artorias21 has 25 seconds left this turn.\n|\n|t:|1790779912\n|switch|p2a: Tapu Koko|Tapu Koko|21/100 brn\n|-fieldstart|move: Electric Terrain|[from] ability: Electric Surge|[of] p2a: Tapu Koko\n|turn|198\n|inactive|Artorias21 has 30 seconds left this turn.\n|inactive|Apostles Warning has 30 seconds left.\n|\n|t:|1790779919\n|switch|p1a: Corviknight|Corviknight, F|52/100 brn\n|-ability|p1a: Corviknight|Pressure\n|move|p2a: Tapu Koko|Volt Switch|p1a: Corviknight\n|-supereffective|p1a: Corviknight\n|-damage|p1a: Corviknight|0 fnt\n|faint|p1a: Corviknight\n|inactive|Artorias21 has 30 seconds left this turn.\n|inactive|Artorias21 has 20 seconds left.\n|inactive|Artorias21 has 15 seconds left.\n|inactive|Artorias21 has 10 seconds left.\n|\n|t:|1790779941\n|switch|p2a: Excadrill|Excadrill, M|17/100 brn|[from] Volt Switch\n|-ability|p2a: Excadrill|Mold Breaker\n|\n|-heal|p2a: Excadrill|23/100 brn|[from] item: Leftovers\n|-damage|p2a: Excadrill|17/100 brn|[from] brn\n|upkeep\n|\n|t:|1790779947\n|switch|p1a: Toxapex|Toxapex, M|74/100 brn\n|turn|199\n|inactive|Artorias21 has 20 seconds left this turn.\n|inactive|Artorias21 has 15 seconds left.\n|\n|t:|1790779955\n|move|p2a: Excadrill|Stealth Rock|p1a: Toxapex\n|-sidestart|p1: Apostles Warning|move: Stealth Rock\n|move|p1a: Toxapex|Scald|p2a: Excadrill\n|-supereffective|p2a: Excadrill\n|-damage|p2a: Excadrill|0 fnt\n|faint|p2a: Excadrill\n|\n|-damage|p1a: Toxapex|68/100 brn|[from] brn\n|upkeep\n|inactive|Artorias21 has 20 seconds left this turn.\n|inactive|Artorias21 has 15 seconds left.\n|\n|t:|1790779960\n|switch|p2a: Tangrowth|Tangrowth, M|100/100 tox\n|turn|200\n|inactive|Artorias21 has 20 seconds left this turn.\n|\n|t:|1790779967\n|switch|p1a: Slowking|Slowking-Galar, F|82/100\n|-damage|p1a: Slowking|69/100|[from] Stealth Rock\n|move|p2a: Tangrowth|Knock Off|p1a: Slowking\n|-supereffective|p1a: Slowking\n|-damage|p1a: Slowking|41/100\n|\n|-damage|p2a: Tangrowth|94/100 tox|[from] psn\n|upkeep\n|turn|201\n|inactive|Artorias21 has 25 seconds left this turn.\n|inactive|Artorias21 has 20 seconds left.\n|\n|t:|1790779980\n|switch|p2a: Slowking|Slowking-Galar, M|100/100 brn\n|move|p1a: Slowking|Scald|p2a: Slowking\n|-damage|p2a: Slowking|92/100 brn\n|\n|-damage|p2a: Slowking|86/100 brn|[from] brn\n|upkeep\n|turn|202\n|inactive|Artorias21 has 20 seconds left this turn.\n|inactive|Artorias21 has 15 seconds left.\n|inactive|Artorias21 has 10 seconds left.\n|\n|t:|1790779993\n|switch|p1a: Toxapex|Toxapex, M|100/100 brn\n|-damage|p1a: Toxapex|88/100 brn|[from] Stealth Rock\n|move|p2a: Slowking|Psyshock|p1a: Toxapex\n|-supereffective|p1a: Toxapex\n|-damage|p1a: Toxapex|46/100 brn\n|\n|-damage|p1a: Toxapex|40/100 brn|[from] brn\n|-damage|p2a: Slowking|79/100 brn|[from] brn\n|-fieldend|move: Electric Terrain\n|upkeep\n|turn|203\n|inactive|Artorias21 has 15 seconds left this turn.\n|inactive|Artorias21 has 10 seconds left.\n|\n|t:|1790779999\n|switch|p2a: Tangrowth|Tangrowth, M|100/100 tox\n|move|p1a: Toxapex|Haze|p1a: Toxapex\n|-clearallboost\n|\n|-damage|p2a: Tangrowth|94/100 tox|[from] psn\n|-damage|p1a: Toxapex|34/100 brn|[from] brn\n|upkeep\n|turn|204\n|inactive|Artorias21 has 10 seconds left this turn.\n|inactive|Apostles Warning has 30 seconds left.\n|inactive|Artorias21 has 5 seconds left.\n|\n|t:|1790780007\n|switch|p1a: Slowking|Slowking-Galar, F|74/100\n|-damage|p1a: Slowking|62/100|[from] Stealth Rock\n|move|p2a: Tangrowth|Leech Seed|p1a: Slowking\n|-start|p1a: Slowking|move: Leech Seed\n|\n|-damage|p1a: Slowking|49/100|[from] Leech Seed|[of] p2a: Tangrowth\n|-heal|p2a: Tangrowth|100/100 tox|[silent]\n|-damage|p2a: Tangrowth|88/100 tox|[from] psn\n|upkeep\n|turn|205\n|inactive|Artorias21 has 10 seconds left this turn.\n|\n|t:|1790780011\n|switch|p2a: Slowking|Slowking-Galar, M|100/100 brn\n|switch|p1a: Toxapex|Toxapex, M|67/100 brn\n|-damage|p1a: Toxapex|55/100 brn|[from] Stealth Rock\n|\n|-damage|p1a: Toxapex|49/100 brn|[from] brn\n|-damage|p2a: Slowking|94/100 brn|[from] brn\n|upkeep\n|turn|206\n|inactive|Artorias21 has 10 seconds left this turn.\n|inactive|Apostles Warning has 30 seconds left.\n|\n|t:|1790780019\n|switch|p1a: Slowking|Slowking-Galar, F|82/100\n|-damage|p1a: Slowking|70/100|[from] Stealth Rock\n|switch|p2a: Tangrowth|Tangrowth, M|100/100 tox\n|\n|-damage|p2a: Tangrowth|94/100 tox|[from] psn\n|upkeep\n|turn|207\n|inactive|Artorias21 has 15 seconds left this turn.\n|inactive|Apostles Warning has 30 seconds left.\n|\n|t:|1790780028\n|switch|p2a: Slowking|Slowking-Galar, M|100/100 brn\n|move|p1a: Slowking|Flamethrower|p2a: Slowking\n|-damage|p2a: Slowking|90/100 brn\n|\n|-damage|p2a: Slowking|84/100 brn|[from] brn\n|upkeep\n|turn|208\n|inactive|Apostles Warning has 30 seconds left this turn.\n|inactive|Artorias21 has 15 seconds left this turn.\n|inactive|Apostles Warning has 20 seconds left.\n|\n|t:|1790780039\n|move|p1a: Slowking|Future Sight|p2a: Slowking\n|-start|p1a: Slowking|move: Future Sight\n|-activate|p2a: Slowking|move: Struggle\n|move|p2a: Slowking|Struggle|p1a: Slowking\n|-damage|p1a: Slowking|67/100\n|-damage|p2a: Slowking|59/100 brn|[from] recoil\n|\n|-damage|p2a: Slowking|53/100 brn|[from] brn\n|upkeep\n|turn|209\n|inactive|Apostles Warning has 25 seconds left this turn.\n|inactive|Artorias21 has 20 seconds left this turn.\n|inactive|Apostles Warning has 20 seconds left.\n|inactive|Artorias21 has 15 seconds left.\n|\n|t:|1790780048\n|switch|p2a: Tangrowth|Tangrowth, M|100/100 tox\n|move|p1a: Slowking|Scald|p2a: Tangrowth\n|-resisted|p2a: Tangrowth\n|-damage|p2a: Tangrowth|83/100 tox\n|\n|-damage|p2a: Tangrowth|77/100 tox|[from] psn\n|upkeep\n|turn|210\n|inactive|Apostles Warning has 20 seconds left this turn.\n|inactive|Artorias21 has 15 seconds left this turn.\n|inactive|Apostles Warning has 15 seconds left.\n|\n|t:|1790780055\n|switch|p2a: Slowking|Slowking-Galar, M|86/100 brn\n|move|p1a: Slowking|Sludge Bomb|p2a: Slowking\n|-resisted|p2a: Slowking\n|-crit|p2a: Slowking\n|-damage|p2a: Slowking|75/100 brn\n|\n|-end|p2a: Slowking|move: Future Sight\n|-damage|p2a: Slowking|54/100 brn\n|-damage|p2a: Slowking|47/100 brn|[from] brn\n|upkeep\n|turn|211\n|inactive|Apostles Warning has 20 seconds left this turn.\n|inactive|Artorias21 has 20 seconds left this turn.\n|inactive|Apostles Warning has 15 seconds left.\n|inactive|Artorias21 has 15 seconds left.\n|inactive|Artorias21 has 10 seconds left.\n|\n|t:|1790780066\n|switch|p2a: Tangrowth|Tangrowth, M|100/100 tox\n|move|p1a: Slowking|Scald|p2a: Tangrowth\n|-resisted|p2a: Tangrowth\n|-damage|p2a: Tangrowth|83/100 tox\n|\n|-damage|p2a: Tangrowth|77/100 tox|[from] psn\n|upkeep\n|turn|212\n|inactive|Apostles Warning has 15 seconds left this turn.\n|inactive|Artorias21 has 10 seconds left this turn.\n|inactive|Apostles Warning has 10 seconds left.\n|\n|t:|1790780073\n|switch|p2a: Slowking|Slowking-Galar, M|81/100 brn\n|move|p1a: Slowking|Scald|p2a: Slowking\n|-damage|p2a: Slowking|72/100 brn\n|\n|-damage|p2a: Slowking|65/100 brn|[from] brn\n|upkeep\n|turn|213\n|inactive|Apostles Warning has 15 seconds left this turn.\n|inactive|Artorias21 has 15 seconds left this turn.\n|\n|t:|1790780078\n|switch|p2a: Tangrowth|Tangrowth, M|100/100 tox\n|move|p1a: Slowking|Flamethrower|p2a: Tangrowth\n|-supereffective|p2a: Tangrowth\n|-damage|p2a: Tangrowth|27/100 tox\n|\n|-damage|p2a: Tangrowth|21/100 tox|[from] psn\n|upkeep\n|turn|214\n|inactive|Apostles Warning has 15 seconds left this turn.\n|inactive|Artorias21 has 15 seconds left this turn.\n|inactive|Apostles Warning has 10 seconds left.\n|inactive|Artorias21 has 10 seconds left.\n|\n|t:|1790780086\n|move|p2a: Tangrowth|Leech Seed|p1a: Slowking\n|-start|p1a: Slowking|move: Leech Seed\n|move|p1a: Slowking|Flamethrower|p2a: Tangrowth\n|-supereffective|p2a: Tangrowth\n|-damage|p2a: Tangrowth|0 fnt\n|faint|p2a: Tangrowth\n|\n|upkeep\n|inactive|Artorias21 has 15 seconds left this turn.\n|\n|t:|1790780090\n|switch|p2a: Bisharp|Bisharp, M|7/100\n|turn|215\n|inactive|Apostles Warning has 15 seconds left this turn.\n|inactive|Artorias21 has 15 seconds left this turn.\n|\n|t:|1790780094\n|switch|p1a: Toxapex|Toxapex, M|83/100 brn\n|-damage|p1a: Toxapex|70/100 brn|[from] Stealth Rock\n|move|p2a: Bisharp|Swords Dance|p2a: Bisharp\n|-boost|p2a: Bisharp|atk|2\n|\n|-damage|p1a: Toxapex|65/100 brn|[from] brn\n|upkeep\n|turn|216\n|inactive|Apostles Warning has 20 seconds left this turn.\n|inactive|Artorias21 has 20 seconds left this turn.\n|inactive|Artorias21 has 15 seconds left.\n|\n|t:|1790780101\n|move|p2a: Bisharp|Sucker Punch|p1a: Toxapex\n|-damage|p1a: Toxapex|0 fnt\n|faint|p1a: Toxapex\n|-damage|p2a: Bisharp|0 fnt|[from] item: Life Orb\n|faint|p2a: Bisharp\n|\n|upkeep\n|inactive|Apostles Warning has 25 seconds left this turn.\n|inactive|Artorias21 has 20 seconds left this turn.\n|inactive|Apostles Warning has 20 seconds left.\n|\n|t:|1790780107\n|switch|p2a: Slowking|Slowking-Galar, M|99/100 brn\n|switch|p1a: Slowking|Slowking-Galar, F|99/100\n|-damage|p1a: Slowking|88/100|[from] Stealth Rock\n|turn|217\n|inactive|Apostles Warning has 25 seconds left this turn.\n|inactive|Artorias21 has 25 seconds left this turn.\n|inactive|Apostles Warning has 20 seconds left.\n|inactive|Artorias21 has 20 seconds left.\n|\n|t:|1790780116\n|move|p1a: Slowking|Future Sight|p2a: Slowking\n|-start|p1a: Slowking|move: Future Sight\n|-activate|p2a: Slowking|move: Struggle\n|move|p2a: Slowking|Struggle|p1a: Slowking\n|-damage|p1a: Slowking|84/100\n|-damage|p2a: Slowking|74/100 brn|[from] recoil\n|\n|-damage|p2a: Slowking|68/100 brn|[from] brn\n|upkeep\n|turn|218\n|inactive|Apostles Warning has 20 seconds left this turn.\n|inactive|Artorias21 has 20 seconds left this turn.\n|inactive|Apostles Warning has 15 seconds left.\n|inactive|Artorias21 has 15 seconds left.\n|\n|t:|1790780124\n|move|p1a: Slowking|Scald|p2a: Slowking\n|-damage|p2a: Slowking|58/100 brn\n|-activate|p2a: Slowking|move: Struggle\n|move|p2a: Slowking|Struggle|p1a: Slowking\n|-damage|p1a: Slowking|81/100\n|-damage|p2a: Slowking|33/100 brn|[from] recoil\n|\n|-damage|p2a: Slowking|27/100 brn|[from] brn\n|upkeep\n|turn|219\n|inactive|Apostles Warning has 20 seconds left this turn.\n|inactive|Artorias21 has 20 seconds left this turn.\n|inactive|Apostles Warning has 15 seconds left.\n|inactive|Artorias21 has 15 seconds left.\n|\n|t:|1790780130\n|switch|p2a: Tapu Koko|Tapu Koko|21/100 brn\n|-fieldstart|move: Electric Terrain|[from] ability: Electric Surge|[of] p2a: Tapu Koko\n|move|p1a: Slowking|Sludge Bomb|p2a: Tapu Koko\n|-supereffective|p2a: Tapu Koko\n|-damage|p2a: Tapu Koko|0 fnt\n|faint|p2a: Tapu Koko\n|\n|-hint|Future Sight did not hit because the target is fainted.\n|upkeep\n|inactive|Artorias21 has 20 seconds left this turn.\n|\n|t:|1790780133\n|switch|p2a: Slowking|Slowking-Galar, M|60/100 brn\n|turn|220\n|inactive|Apostles Warning has 25 seconds left this turn.\n|inactive|Artorias21 has 25 seconds left this turn.\n|c|\u2606Apostles Warning|Gg\n|inactive|Apostles Warning has 20 seconds left.\n|c|\u2606Artorias21|People hate playing Pok\u00e9mon because of people like you.\n|\n|t:|1790780141\n|move|p1a: Slowking|Scald|p2a: Slowking\n|-damage|p2a: Slowking|51/100 brn\n|-activate|p2a: Slowking|move: Struggle\n|move|p2a: Slowking|Struggle|p1a: Slowking\n|-damage|p1a: Slowking|78/100\n|-damage|p2a: Slowking|26/100 brn|[from] recoil\n|\n|-damage|p2a: Slowking|20/100 brn|[from] brn\n|upkeep\n|turn|221\n|inactive|Apostles Warning has 20 seconds left this turn.\n|inactive|Artorias21 has 25 seconds left this turn.\n|-message|Artorias21 forfeited.\n|\n|win|Apostles Warning\n|raw|Apostles Warning's rating: 1083 &rarr; <strong>1116</strong><br />(+33 for winning)\n|raw|Artorias21's rating: 1155 &rarr; <strong>1125</strong><br />(-30 for losing)\n|l|\u2606Artorias21\n|player|p2|\n", "uploadtime": 1790780173, "views": "15", "formatid": "gen8ou", "rating": 1116, "private": 0, "password": null}