{"id": "gen8ou-2693318581", "format": "[Gen 8] OU", "players": ["Stads", "Lesqueegee"], "log": "|j|\u2606Stads\n|j|\u2606Lesqueegee\n|t:|1791221709\n|gametype|singles\n|player|p1|Stads|170|1446\n|player|p2|Lesqueegee|bianca|1301\n|gen|8\n|tier|[Gen 8] OU\n|rated|\n|rule|HP Percentage Mod: HP is shown in percentages\n|rule|Endless Battle Clause: Forcing endless battles is banned\n|rule|Sleep Clause Mod: Limit one foe put to sleep\n|rule|Species Clause: Limit one of each Pok\u00e9mon\n|rule|OHKO Clause: OHKO moves are banned\n|rule|Evasion Items Clause: Evasion items are banned\n|rule|Evasion Moves Clause: Evasion moves are banned\n|rule|Dynamax Clause: You cannot dynamax\n|clearpoke\n|poke|p1|Tornadus-Therian, M|\n|poke|p1|Corviknight, F|\n|poke|p1|Kartana|\n|poke|p1|Toxapex, F|\n|poke|p1|Hippowdon, M|\n|poke|p1|Heatran, F|\n|poke|p2|Tapu Fini|\n|poke|p2|Tapu Lele|\n|poke|p2|Krookodile, M|\n|poke|p2|Melmetal|\n|poke|p2|Moltres|\n|poke|p2|Zapdos-Galar|\n|teampreview\n|inactive|Battle timer is ON: inactive players will automatically lose when time's up. (requested by Lesqueegee)\n|\n|t:|1791221719\n|teamsize|p1|6\n|teamsize|p2|6\n|start\n|switch|p1a: Toxapex|Toxapex, F|100/100\n|switch|p2a: Zapdos|Zapdos-Galar|100/100\n|turn|1\n|\n|t:|1791221722\n|move|p2a: Zapdos|U-turn|p1a: Toxapex\n|-resisted|p1a: Toxapex\n|-damage|p1a: Toxapex|88/100\n|\n|t:|1791221723\n|switch|p2a: Tapu Fini|Tapu Fini|100/100|[from] U-turn\n|-fieldstart|move: Misty Terrain|[from] ability: Misty Surge|[of] p2a: Tapu Fini\n|move|p1a: Toxapex|Knock Off|p2a: Tapu Fini\n|-resisted|p2a: Tapu Fini\n|-damage|p2a: Tapu Fini|96/100\n|-enditem|p2a: Tapu Fini|Leftovers|[from] move: Knock Off|[of] p1a: Toxapex\n|\n|upkeep\n|turn|2\n|\n|t:|1791221732\n|move|p2a: Tapu Fini|Calm Mind|p2a: Tapu Fini\n|-boost|p2a: Tapu Fini|spa|1\n|-boost|p2a: Tapu Fini|spd|1\n|move|p1a: Toxapex|Scald|p2a: Tapu Fini\n|-resisted|p2a: Tapu Fini\n|-damage|p2a: Tapu Fini|91/100\n|\n|upkeep\n|turn|3\n|\n|t:|1791221736\n|move|p2a: Tapu Fini|Calm Mind|p2a: Tapu Fini\n|-boost|p2a: Tapu Fini|spa|1\n|-boost|p2a: Tapu Fini|spd|1\n|move|p1a: Toxapex|Haze|p1a: Toxapex\n|-clearallboost\n|\n|upkeep\n|turn|4\n|\n|t:|1791221746\n|switch|p2a: Melmetal|Melmetal|100/100\n|move|p1a: Toxapex|Scald|p2a: Melmetal\n|-damage|p2a: Melmetal|85/100\n|\n|-heal|p2a: Melmetal|92/100|[from] item: Leftovers\n|upkeep\n|turn|5\n|\n|t:|1791221748\n|move|p2a: Melmetal|Earthquake|p1a: Toxapex\n|-supereffective|p1a: Toxapex\n|-damage|p1a: Toxapex|37/100\n|move|p1a: Toxapex|Knock Off|p2a: Melmetal\n|-damage|p2a: Melmetal|84/100\n|-enditem|p2a: Melmetal|Leftovers|[from] move: Knock Off|[of] p1a: Toxapex\n|\n|-fieldend|Misty Terrain\n|upkeep\n|turn|6\n|\n|t:|1791221754\n|switch|p2a: Zapdos|Zapdos-Galar|100/100\n|switch|p1a: Corviknight|Corviknight, F|100/100\n|-ability|p1a: Corviknight|Pressure\n|\n|upkeep\n|turn|7\n|\n|t:|1791221758\n|switch|p1a: Tornadus|Tornadus-Therian, M|100/100\n|move|p2a: Zapdos|Thunderous Kick|p1a: Tornadus\n|-resisted|p1a: Tornadus\n|-damage|p1a: Tornadus|46/100\n|-unboost|p1a: Tornadus|def|1\n|\n|upkeep\n|turn|8\n|\n|t:|1791221762\n|switch|p2a: Tapu Fini|Tapu Fini|91/100\n|-fieldstart|move: Misty Terrain|[from] ability: Misty Surge|[of] p2a: Tapu Fini\n|move|p1a: Tornadus|Hurricane|p2a: Tapu Fini\n|-damage|p2a: Tapu Fini|54/100\n|\n|upkeep\n|turn|9\n|\n|t:|1791221771\n|move|p1a: Tornadus|U-turn|p2a: Tapu Fini\n|-resisted|p2a: Tapu Fini\n|-damage|p2a: Tapu Fini|48/100\n|\n|t:|1791221773\n|switch|p1a: Toxapex|Toxapex, F|70/100|[from] U-turn\n|move|p2a: Tapu Fini|Scald|p1a: Toxapex\n|-resisted|p1a: Toxapex\n|-damage|p1a: Toxapex|58/100\n|\n|upkeep\n|turn|10\n|\n|t:|1791221778\n|switch|p2a: Melmetal|Melmetal|84/100\n|switch|p1a: Tornadus|Tornadus-Therian, M|79/100\n|\n|upkeep\n|turn|11\n|\n|t:|1791221781\n|move|p1a: Tornadus|U-turn|p2a: Melmetal\n|-resisted|p2a: Melmetal\n|-damage|p2a: Melmetal|80/100\n|\n|t:|1791221783\n|switch|p1a: Corviknight|Corviknight, F|100/100|[from] U-turn\n|-ability|p1a: Corviknight|Pressure\n|move|p2a: Melmetal|Double Iron Bash|p1a: Corviknight\n|-resisted|p1a: Corviknight\n|-damage|p1a: Corviknight|87/100\n|-resisted|p1a: Corviknight\n|-damage|p1a: Corviknight|74/100\n|-hitcount|p1a: Corviknight|2\n|\n|-heal|p1a: Corviknight|80/100|[from] item: Leftovers\n|upkeep\n|turn|12\n|\n|t:|1791221790\n|switch|p2a: Moltres|Moltres|100/100\n|-ability|p2a: Moltres|Pressure\n|move|p1a: Corviknight|Body Press|p2a: Moltres\n|-resisted|p2a: Moltres\n|-damage|p2a: Moltres|87/100\n|\n|-heal|p1a: Corviknight|87/100|[from] item: Leftovers\n|-fieldend|Misty Terrain\n|upkeep\n|turn|13\n|\n|t:|1791221793\n|switch|p1a: Heatran|Heatran, F|100/100\n|move|p2a: Moltres|Scorching Sands|p1a: Heatran\n|-supereffective|p1a: Heatran\n|-damage|p1a: Heatran|51/100\n|\n|-heal|p1a: Heatran|57/100|[from] item: Leftovers\n|upkeep\n|turn|14\n|\n|t:|1791221795\n|move|p1a: Heatran|Protect|p1a: Heatran\n|-singleturn|p1a: Heatran|Protect\n|move|p2a: Moltres|Scorching Sands|p1a: Heatran\n|-activate|p1a: Heatran|move: Protect\n|\n|-heal|p1a: Heatran|63/100|[from] item: Leftovers\n|upkeep\n|turn|15\n|\n|t:|1791221797\n|move|p2a: Moltres|Scorching Sands|p1a: Heatran\n|-supereffective|p1a: Heatran\n|-damage|p1a: Heatran|8/100\n|move|p1a: Heatran|Toxic|p2a: Moltres\n|-status|p2a: Moltres|tox\n|\n|-heal|p1a: Heatran|14/100|[from] item: Leftovers\n|-damage|p2a: Moltres|81/100 tox|[from] psn\n|upkeep\n|turn|16\n|\n|t:|1791221801\n|move|p1a: Heatran|Protect|p1a: Heatran\n|-singleturn|p1a: Heatran|Protect\n|move|p2a: Moltres|Scorching Sands|p1a: Heatran\n|-activate|p1a: Heatran|move: Protect\n|\n|-heal|p1a: Heatran|21/100|[from] item: Leftovers\n|-damage|p2a: Moltres|69/100 tox|[from] psn\n|upkeep\n|turn|17\n|\n|t:|1791221803\n|switch|p1a: Tornadus|Tornadus-Therian, M|100/100\n|move|p2a: Moltres|Flamethrower|p1a: Tornadus\n|-damage|p1a: Tornadus|69/100\n|-status|p1a: Tornadus|brn\n|\n|-damage|p2a: Moltres|51/100 tox|[from] psn\n|-damage|p1a: Tornadus|63/100 brn|[from] brn\n|upkeep\n|turn|18\n|\n|t:|1791221808\n|switch|p2a: Melmetal|Melmetal|80/100\n|move|p1a: Tornadus|U-turn|p2a: Melmetal\n|-resisted|p2a: Melmetal\n|-damage|p2a: Melmetal|77/100\n|\n|t:|1791221810\n|switch|p1a: Heatran|Heatran, F|21/100|[from] U-turn\n|\n|-heal|p1a: Heatran|27/100|[from] item: Leftovers\n|upkeep\n|turn|19\n|\n|t:|1791221814\n|switch|p2a: Moltres|Moltres|51/100 tox\n|-ability|p2a: Moltres|Pressure\n|move|p1a: Heatran|Protect||[still]\n|-fail|p1a: Heatran\n|\n|-heal|p1a: Heatran|33/100|[from] item: Leftovers\n|-damage|p2a: Moltres|45/100 tox|[from] psn\n|upkeep\n|turn|20\n|\n|t:|1791221816\n|move|p1a: Heatran|Protect|p1a: Heatran\n|-singleturn|p1a: Heatran|Protect\n|move|p2a: Moltres|Roost|p2a: Moltres\n|-heal|p2a: Moltres|95/100 tox\n|-singleturn|p2a: Moltres|move: Roost\n|\n|-heal|p1a: Heatran|39/100|[from] item: Leftovers\n|-damage|p2a: Moltres|83/100 tox|[from] psn\n|upkeep\n|turn|21\n|\n|t:|1791221818\n|switch|p1a: Tornadus|Tornadus-Therian, M|96/100 brn\n|move|p2a: Moltres|Flamethrower|p1a: Tornadus\n|-damage|p1a: Tornadus|61/100 brn\n|\n|-damage|p2a: Moltres|65/100 tox|[from] psn\n|-damage|p1a: Tornadus|55/100 brn|[from] brn\n|upkeep\n|turn|22\n|\n|t:|1791221822\n|switch|p2a: Melmetal|Melmetal|77/100\n|move|p1a: Tornadus|U-turn|p2a: Melmetal\n|-resisted|p2a: Melmetal\n|-damage|p2a: Melmetal|75/100\n|\n|t:|1791221824\n|switch|p1a: Heatran|Heatran, F|39/100|[from] U-turn\n|\n|-heal|p1a: Heatran|46/100|[from] item: Leftovers\n|upkeep\n|turn|23\n|\n|t:|1791221827\n|move|p1a: Heatran|Protect|p1a: Heatran\n|-singleturn|p1a: Heatran|Protect\n|move|p2a: Melmetal|Protect||[still]\n|-fail|p2a: Melmetal\n|\n|-heal|p1a: Heatran|52/100|[from] item: Leftovers\n|upkeep\n|turn|24\n|\n|t:|1791221830\n|switch|p1a: Corviknight|Corviknight, F|87/100\n|-ability|p1a: Corviknight|Pressure\n|move|p2a: Melmetal|Earthquake|p1a: Corviknight\n|-immune|p1a: Corviknight\n|\n|-heal|p1a: Corviknight|93/100|[from] item: Leftovers\n|upkeep\n|turn|25\n|\n|t:|1791221836\n|switch|p1a: Toxapex|Toxapex, F|92/100\n|switch|p2a: Moltres|Moltres|65/100 tox\n|-ability|p2a: Moltres|Pressure\n|\n|-damage|p2a: Moltres|59/100 tox|[from] psn\n|upkeep\n|turn|26\n|\n|t:|1791221838\n|switch|p2a: Krookodile|Krookodile, M|100/100\n|-ability|p2a: Krookodile|Intimidate|boost\n|-unboost|p1a: Toxapex|atk|1\n|switch|p1a: Tornadus|Tornadus-Therian, M|88/100 brn\n|\n|-damage|p1a: Tornadus|82/100 brn|[from] brn\n|upkeep\n|turn|27\n|\n|t:|1791221840\n|move|p1a: Tornadus|U-turn|p2a: Krookodile\n|-supereffective|p2a: Krookodile\n|-damage|p2a: Krookodile|87/100\n|\n|t:|1791221843\n|switch|p1a: Corviknight|Corviknight, F|93/100|[from] U-turn\n|-ability|p1a: Corviknight|Pressure\n|move|p2a: Krookodile|Stealth Rock|p1a: Corviknight\n|-sidestart|p1: Stads|move: Stealth Rock\n|\n|-heal|p2a: Krookodile|93/100|[from] item: Leftovers\n|-heal|p1a: Corviknight|99/100|[from] item: Leftovers\n|upkeep\n|turn|28\n|\n|t:|1791221847\n|switch|p2a: Zapdos|Zapdos-Galar|100/100\n|move|p1a: Corviknight|U-turn|p2a: Zapdos\n|-resisted|p2a: Zapdos\n|-crit|p2a: Zapdos\n|-damage|p2a: Zapdos|94/100\n|\n|t:|1791221849\n|switch|p1a: Tornadus|Tornadus-Therian, M|100/100 brn|[from] U-turn\n|-damage|p1a: Tornadus|75/100 brn|[from] Stealth Rock\n|\n|-damage|p1a: Tornadus|69/100 brn|[from] brn\n|upkeep\n|turn|29\n|\n|t:|1791221852\n|switch|p2a: Melmetal|Melmetal|75/100\n|move|p1a: Tornadus|Hurricane|p2a: Melmetal|[miss]\n|-miss|p1a: Tornadus|p2a: Melmetal\n|\n|-damage|p1a: Tornadus|63/100 brn|[from] brn\n|upkeep\n|turn|30\n|\n|t:|1791221857\n|switch|p2a: Zapdos|Zapdos-Galar|94/100\n|move|p1a: Tornadus|U-turn|p2a: Zapdos\n|-resisted|p2a: Zapdos\n|-damage|p2a: Zapdos|92/100\n|\n|t:|1791221860\n|switch|p1a: Hippowdon|Hippowdon, M|100/100|[from] U-turn\n|-damage|p1a: Hippowdon|94/100|[from] Stealth Rock\n|-weather|Sandstorm|[from] ability: Sand Stream|[of] p1a: Hippowdon\n|\n|-weather|Sandstorm|[upkeep]\n|-damage|p2a: Zapdos|86/100|[from] Sandstorm\n|-heal|p1a: Hippowdon|100/100|[from] item: Leftovers\n|upkeep\n|turn|31\n|\n|t:|1791221865\n|move|p2a: Zapdos|Close Combat|p1a: Hippowdon\n|-damage|p1a: Hippowdon|25/100\n|-unboost|p2a: Zapdos|def|1\n|-unboost|p2a: Zapdos|spd|1\n|move|p1a: Hippowdon|Toxic|p2a: Zapdos\n|-status|p2a: Zapdos|tox\n|\n|-weather|Sandstorm|[upkeep]\n|-damage|p2a: Zapdos|79/100 tox|[from] Sandstorm\n|-heal|p1a: Hippowdon|31/100|[from] item: Leftovers\n|-damage|p2a: Zapdos|73/100 tox|[from] psn\n|upkeep\n|turn|32\n|\n|t:|1791221868\n|switch|p1a: Toxapex|Toxapex, F|100/100\n|-damage|p1a: Toxapex|88/100|[from] Stealth Rock\n|move|p2a: Zapdos|Close Combat|p1a: Toxapex\n|-resisted|p1a: Toxapex\n|-damage|p1a: Toxapex|57/100\n|-unboost|p2a: Zapdos|def|1\n|-unboost|p2a: Zapdos|spd|1\n|\n|-weather|Sandstorm|[upkeep]\n|-damage|p2a: Zapdos|67/100 tox|[from] Sandstorm\n|-damage|p1a: Toxapex|51/100|[from] Sandstorm\n|-damage|p2a: Zapdos|54/100 tox|[from] psn\n|upkeep\n|turn|33\n|\n|t:|1791221871\n|move|p2a: Zapdos|Close Combat|p1a: Toxapex\n|-resisted|p1a: Toxapex\n|-damage|p1a: Toxapex|24/100\n|-unboost|p2a: Zapdos|def|1\n|-unboost|p2a: Zapdos|spd|1\n|move|p1a: Toxapex|Recover|p1a: Toxapex\n|-heal|p1a: Toxapex|74/100\n|\n|-weather|Sandstorm|[upkeep]\n|-damage|p2a: Zapdos|48/100 tox|[from] Sandstorm\n|-damage|p1a: Toxapex|67/100|[from] Sandstorm\n|-damage|p2a: Zapdos|29/100 tox|[from] psn\n|upkeep\n|turn|34\n|\n|t:|1791221877\n|switch|p2a: Tapu Lele|Tapu Lele|100/100\n|-fieldstart|move: Psychic Terrain|[from] ability: Psychic Surge|[of] p2a: Tapu Lele\n|move|p1a: Toxapex|Scald|p2a: Tapu Lele\n|-damage|p2a: Tapu Lele|83/100\n|-status|p2a: Tapu Lele|brn\n|\n|-weather|none\n|-damage|p2a: Tapu Lele|77/100 brn|[from] brn\n|upkeep\n|turn|35\n|\n|t:|1791221880\n|switch|p1a: Corviknight|Corviknight, F|99/100\n|-damage|p1a: Corviknight|87/100|[from] Stealth Rock\n|-ability|p1a: Corviknight|Pressure\n|move|p2a: Tapu Lele|Psychic|p1a: Corviknight\n|-resisted|p1a: Corviknight\n|-damage|p1a: Corviknight|46/100\n|\n|-heal|p1a: Corviknight|52/100|[from] item: Leftovers\n|-damage|p2a: Tapu Lele|71/100 brn|[from] brn\n|upkeep\n|turn|36\n|\n|t:|1791221882\n|move|p2a: Tapu Lele|Psychic|p1a: Corviknight\n|-resisted|p1a: Corviknight\n|-damage|p1a: Corviknight|11/100\n|move|p1a: Corviknight|Roost|p1a: Corviknight\n|-heal|p1a: Corviknight|61/100\n|-singleturn|p1a: Corviknight|move: Roost\n|\n|-heal|p1a: Corviknight|67/100|[from] item: Leftovers\n|-damage|p2a: Tapu Lele|65/100 brn|[from] brn\n|upkeep\n|turn|37\n|\n|t:|1791221884\n|move|p2a: Tapu Lele|Psychic|p1a: Corviknight\n|-resisted|p1a: Corviknight\n|-damage|p1a: Corviknight|25/100\n|move|p1a: Corviknight|Roost|p1a: Corviknight\n|-heal|p1a: Corviknight|75/100\n|-singleturn|p1a: Corviknight|move: Roost\n|\n|-heal|p1a: Corviknight|81/100|[from] item: Leftovers\n|-damage|p2a: Tapu Lele|59/100 brn|[from] brn\n|upkeep\n|turn|38\n|\n|t:|1791221885\n|move|p2a: Tapu Lele|Psychic|p1a: Corviknight\n|-resisted|p1a: Corviknight\n|-damage|p1a: Corviknight|36/100\n|move|p1a: Corviknight|Roost|p1a: Corviknight\n|-heal|p1a: Corviknight|86/100\n|-singleturn|p1a: Corviknight|move: Roost\n|\n|-heal|p1a: Corviknight|92/100|[from] item: Leftovers\n|-damage|p2a: Tapu Lele|53/100 brn|[from] brn\n|-fieldend|move: Psychic Terrain\n|upkeep\n|turn|39\n|\n|t:|1791221889\n|switch|p2a: Melmetal|Melmetal|75/100\n|move|p1a: Corviknight|U-turn|p2a: Melmetal\n|-resisted|p2a: Melmetal\n|-damage|p2a: Melmetal|71/100\n|\n|t:|1791221893\n|switch|p1a: Toxapex|Toxapex, F|100/100|[from] U-turn\n|-damage|p1a: Toxapex|88/100|[from] Stealth Rock\n|\n|upkeep\n|turn|40\n|\n|t:|1791221896\n|switch|p1a: Corviknight|Corviknight, F|92/100\n|-damage|p1a: Corviknight|80/100|[from] Stealth Rock\n|-ability|p1a: Corviknight|Pressure\n|move|p2a: Melmetal|Earthquake|p1a: Corviknight\n|-immune|p1a: Corviknight\n|\n|-heal|p1a: Corviknight|86/100|[from] item: Leftovers\n|upkeep\n|turn|41\n|\n|t:|1791221901\n|switch|p2a: Moltres|Moltres|59/100 tox\n|-ability|p2a: Moltres|Pressure\n|move|p1a: Corviknight|U-turn|p2a: Moltres\n|-resisted|p2a: Moltres\n|-damage|p2a: Moltres|55/100 tox\n|\n|t:|1791221904\n|switch|p1a: Tornadus|Tornadus-Therian, M|96/100 brn|[from] U-turn\n|-damage|p1a: Tornadus|71/100 brn|[from] Stealth Rock\n|\n|-damage|p2a: Moltres|49/100 tox|[from] psn\n|-damage|p1a: Tornadus|65/100 brn|[from] brn\n|upkeep\n|turn|42\n|\n|t:|1791221913\n|move|p1a: Tornadus|Knock Off|p2a: Moltres\n|-damage|p2a: Moltres|39/100 tox\n|-enditem|p2a: Moltres|Heavy-Duty Boots|[from] move: Knock Off|[of] p1a: Tornadus\n|move|p2a: Moltres|Roost|p2a: Moltres\n|-heal|p2a: Moltres|89/100 tox\n|-singleturn|p2a: Moltres|move: Roost\n|\n|-damage|p2a: Moltres|77/100 tox|[from] psn\n|-damage|p1a: Tornadus|59/100 brn|[from] brn\n|upkeep\n|turn|43\n|\n|t:|1791221917\n|move|p1a: Tornadus|Hurricane|p2a: Moltres|[miss]\n|-miss|p1a: Tornadus|p2a: Moltres\n|move|p2a: Moltres|Flamethrower|p1a: Tornadus\n|-damage|p1a: Tornadus|25/100 brn\n|\n|-damage|p2a: Moltres|59/100 tox|[from] psn\n|-damage|p1a: Tornadus|19/100 brn|[from] brn\n|upkeep\n|turn|44\n|c|\u2606Lesqueegee|I\u2019m actually so dumb\n|c|\u2606Lesqueegee|I just realized I\u2019m pressure fml\n|\n|t:|1791221933\n|move|p1a: Tornadus|U-turn|p2a: Moltres\n|-resisted|p2a: Moltres\n|-damage|p2a: Moltres|57/100 tox\n|\n|t:|1791221935\n|switch|p1a: Toxapex|Toxapex, F|100/100|[from] U-turn\n|-damage|p1a: Toxapex|88/100|[from] Stealth Rock\n|move|p2a: Moltres|Flamethrower|p1a: Toxapex\n|-resisted|p1a: Toxapex\n|-damage|p1a: Toxapex|71/100\n|\n|-damage|p2a: Moltres|33/100 tox|[from] psn\n|upkeep\n|turn|45\n|\n|t:|1791221953\n|switch|p2a: Tapu Fini|Tapu Fini|48/100\n|-fieldstart|move: Misty Terrain|[from] ability: Misty Surge|[of] p2a: Tapu Fini\n|move|p1a: Toxapex|Scald|p2a: Tapu Fini\n|-resisted|p2a: Tapu Fini\n|-damage|p2a: Tapu Fini|42/100\n|\n|upkeep\n|turn|46\n|\n|t:|1791221958\n|move|p2a: Tapu Fini|Draining Kiss|p1a: Toxapex\n|-resisted|p1a: Toxapex\n|-damage|p1a: Toxapex|65/100\n|-heal|p2a: Tapu Fini|46/100|[from] drain|[of] p1a: Toxapex\n|move|p1a: Toxapex|Recover|p1a: Toxapex\n|-heal|p1a: Toxapex|100/100\n|\n|upkeep\n|turn|47\n|\n|t:|1791221961\n|switch|p2a: Melmetal|Melmetal|71/100\n|move|p1a: Toxapex|Knock Off|p2a: Melmetal\n|-damage|p2a: Melmetal|65/100\n|\n|upkeep\n|turn|48\n|\n|t:|1791221967\n|switch|p2a: Moltres|Moltres|33/100 tox\n|-ability|p2a: Moltres|Pressure\n|move|p1a: Toxapex|Scald|p2a: Moltres\n|-supereffective|p2a: Moltres\n|-damage|p2a: Moltres|0 fnt\n|faint|p2a: Moltres\n|\n|upkeep\n|\n|t:|1791221970\n|switch|p2a: Zapdos|Zapdos-Galar|29/100 tox\n|turn|49\n|\n|t:|1791221972\n|move|p2a: Zapdos|Brave Bird|p1a: Toxapex\n|-damage|p1a: Toxapex|37/100\n|-damage|p2a: Zapdos|10/100 tox|[from] Recoil\n|move|p1a: Toxapex|Scald|p2a: Zapdos\n|-damage|p2a: Zapdos|0 fnt\n|faint|p2a: Zapdos\n|\n|-fieldend|Misty Terrain\n|upkeep\n|\n|t:|1791221974\n|switch|p2a: Tapu Lele|Tapu Lele|53/100 brn\n|-fieldstart|move: Psychic Terrain|[from] ability: Psychic Surge|[of] p2a: Tapu Lele\n|turn|50\n|\n|t:|1791221981\n|switch|p1a: Hippowdon|Hippowdon, M|31/100\n|-damage|p1a: Hippowdon|25/100|[from] Stealth Rock\n|-weather|Sandstorm|[from] ability: Sand Stream|[of] p1a: Hippowdon\n|move|p2a: Tapu Lele|Psychic|p1a: Hippowdon\n|-damage|p1a: Hippowdon|0 fnt\n|faint|p1a: Hippowdon\n|\n|-weather|Sandstorm|[upkeep]\n|-damage|p2a: Tapu Lele|47/100 brn|[from] Sandstorm\n|-damage|p2a: Tapu Lele|41/100 brn|[from] brn\n|upkeep\n|\n|t:|1791221983\n|switch|p1a: Corviknight|Corviknight, F|86/100\n|-damage|p1a: Corviknight|73/100|[from] Stealth Rock\n|-ability|p1a: Corviknight|Pressure\n|turn|51\n|c|\u2606Lesqueegee|Kart wins\n|c|\u2606Lesqueegee|end me now\n|c|\u2606Stads|Melm tanks\n|c|\u2606Lesqueegee|At 65???\n|c|\u2606Stads|Melm is a fat fuck\n|inactive|Lesqueegee has 120 seconds left.\n|c|\u2606Lesqueegee|Tran wins after\n|\n|t:|1791222019\n|move|p2a: Tapu Lele|Psychic|p1a: Corviknight\n|-resisted|p1a: Corviknight\n|-damage|p1a: Corviknight|32/100\n|move|p1a: Corviknight|Roost|p1a: Corviknight\n|-heal|p1a: Corviknight|82/100\n|-singleturn|p1a: Corviknight|move: Roost\n|\n|-weather|Sandstorm|[upkeep]\n|-damage|p2a: Tapu Lele|35/100 brn|[from] Sandstorm\n|-heal|p1a: Corviknight|88/100|[from] item: Leftovers\n|-damage|p2a: Tapu Lele|29/100 brn|[from] brn\n|upkeep\n|turn|52\n|\n|t:|1791222023\n|switch|p2a: Krookodile|Krookodile, M|93/100\n|-ability|p2a: Krookodile|Intimidate|boost\n|-unboost|p1a: Corviknight|atk|1\n|move|p1a: Corviknight|Defog|p2a: Krookodile\n|-unboost|p2a: Krookodile|evasion|1\n|-sideend|p1: Stads|Stealth Rock|[from] move: Defog|[of] p1a: Corviknight\n|-fieldend|move: Psychic Terrain\n|\n|-weather|Sandstorm|[upkeep]\n|-heal|p2a: Krookodile|99/100|[from] item: Leftovers\n|-heal|p1a: Corviknight|95/100|[from] item: Leftovers\n|upkeep\n|turn|53\n|\n|t:|1791222025\n|move|p2a: Krookodile|Stealth Rock|p1a: Corviknight\n|-sidestart|p1: Stads|move: Stealth Rock\n|move|p1a: Corviknight|Body Press|p2a: Krookodile\n|-supereffective|p2a: Krookodile\n|-damage|p2a: Krookodile|57/100\n|\n|-weather|Sandstorm|[upkeep]\n|-heal|p2a: Krookodile|63/100|[from] item: Leftovers\n|-heal|p1a: Corviknight|100/100|[from] item: Leftovers\n|upkeep\n|turn|54\n|\n|t:|1791222027\n|move|p2a: Krookodile|Knock Off|p1a: Corviknight\n|-damage|p1a: Corviknight|75/100\n|-enditem|p1a: Corviknight|Leftovers|[from] move: Knock Off|[of] p2a: Krookodile\n|move|p1a: Corviknight|Defog|p2a: Krookodile\n|-unboost|p2a: Krookodile|evasion|1\n|-sideend|p1: Stads|Stealth Rock|[from] move: Defog|[of] p1a: Corviknight\n|\n|-weather|none\n|-heal|p2a: Krookodile|69/100|[from] item: Leftovers\n|upkeep\n|turn|55\n|\n|t:|1791222030\n|move|p2a: Krookodile|Stealth Rock|p1a: Corviknight\n|-sidestart|p1: Stads|move: Stealth Rock\n|move|p1a: Corviknight|Body Press|p2a: Krookodile\n|-supereffective|p2a: Krookodile\n|-damage|p2a: Krookodile|26/100\n|\n|-heal|p2a: Krookodile|32/100|[from] item: Leftovers\n|upkeep\n|turn|56\n|\n|t:|1791222035\n|switch|p2a: Tapu Fini|Tapu Fini|46/100\n|-fieldstart|move: Misty Terrain|[from] ability: Misty Surge|[of] p2a: Tapu Fini\n|move|p1a: Corviknight|Defog|p2a: Tapu Fini\n|-unboost|p2a: Tapu Fini|evasion|1\n|-sideend|p1: Stads|Stealth Rock|[from] move: Defog|[of] p1a: Corviknight\n|-fieldend|Misty Terrain\n|\n|upkeep\n|turn|57\n|\n|t:|1791222041\n|move|p2a: Tapu Fini|Calm Mind|p2a: Tapu Fini\n|-boost|p2a: Tapu Fini|spa|1\n|-boost|p2a: Tapu Fini|spd|1\n|move|p1a: Corviknight|U-turn|p2a: Tapu Fini\n|-resisted|p2a: Tapu Fini\n|-damage|p2a: Tapu Fini|43/100\n|\n|t:|1791222043\n|switch|p1a: Kartana|Kartana|100/100|[from] U-turn\n|\n|upkeep\n|turn|58\n|\n|t:|1791222046\n|switch|p2a: Krookodile|Krookodile, M|32/100\n|-ability|p2a: Krookodile|Intimidate|boost\n|-unboost|p1a: Kartana|atk|1\n|move|p1a: Kartana|Leaf Blade|p2a: Krookodile\n|-supereffective|p2a: Krookodile\n|-damage|p2a: Krookodile|0 fnt\n|faint|p2a: Krookodile\n|-ability|p1a: Kartana|Beast Boost|boost\n|-boost|p1a: Kartana|atk|1\n|\n|upkeep\n|\n|t:|1791222050\n|switch|p2a: Melmetal|Melmetal|65/100\n|turn|59\n|\n|t:|1791222055\n|switch|p1a: Toxapex|Toxapex, F|71/100\n|move|p2a: Melmetal|Earthquake|p1a: Toxapex\n|-supereffective|p1a: Toxapex\n|-damage|p1a: Toxapex|25/100\n|\n|upkeep\n|turn|60\n|\n|t:|1791222059\n|switch|p2a: Tapu Lele|Tapu Lele|29/100 brn\n|-fieldstart|move: Psychic Terrain|[from] ability: Psychic Surge|[of] p2a: Tapu Lele\n|switch|p1a: Corviknight|Corviknight, F|75/100\n|-ability|p1a: Corviknight|Pressure\n|\n|-damage|p2a: Tapu Lele|23/100 brn|[from] brn\n|upkeep\n|turn|61\n|\n|t:|1791222061\n|switch|p1a: Heatran|Heatran, F|52/100\n|move|p2a: Tapu Lele|Focus Blast|p1a: Heatran|[miss]\n|-miss|p2a: Tapu Lele|p1a: Heatran\n|\n|-heal|p1a: Heatran|58/100|[from] item: Leftovers\n|-damage|p2a: Tapu Lele|17/100 brn|[from] brn\n|upkeep\n|turn|62\n|-message|Lesqueegee forfeited.\n|\n|win|Stads\n", "uploadtime": 1791222010, "views": "3", "formatid": "gen8ou", "rating": null, "private": 0, "password": null}