{"id": "gen8ou-2688739344", "format": "[Gen 8] OU", "players": ["GIATNEH THE MAH", "TSupraz"], "log": "|j|\u2606GIATNEH THE MAH\n|j|\u2606TSupraz\n|t:|1790527000\n|gametype|singles\n|player|p1|GIATNEH THE MAH|erika-gen2|\n|player|p2|TSupraz|unknown|\n|gen|8\n|tier|[Gen 8] OU\n|rule|HP Percentage Mod: HP is shown in percentages\n|rule|Endless Battle Clause: Forcing endless battles is banned\n|rule|Sleep Clause Mod: Limit one foe put to sleep\n|rule|Species Clause: Limit one of each Pok\u00e9mon\n|rule|OHKO Clause: OHKO moves are banned\n|rule|Evasion Items Clause: Evasion items are banned\n|rule|Evasion Moves Clause: Evasion moves are banned\n|rule|Dynamax Clause: You cannot dynamax\n|clearpoke\n|poke|p1|Clefable, M|\n|poke|p1|Gastrodon-East, F|\n|poke|p1|Heatran, M|\n|poke|p1|Tornadus-Therian, M|\n|poke|p1|Melmetal|\n|poke|p1|Rillaboom, F|\n|poke|p2|Slowbro, M|\n|poke|p2|Blacephalon|\n|poke|p2|Melmetal|\n|poke|p2|Corviknight, M|\n|poke|p2|Weavile, F|\n|poke|p2|Landorus-Therian, M|\n|teampreview\n|inactive|Battle timer is ON: inactive players will automatically lose when time's up. (requested by TSupraz)\n|c|\u2606TSupraz|hf\n|c|\u2606GIATNEH THE MAH|hf\n|j| Winterbub\n|j| Waffleztastegood\n|inactive|GIATNEH THE MAH has 270 seconds left.\n|inactive|TSupraz has 270 seconds left.\n|j| ziatneh\n|j| DKM\n|inactive|GIATNEH THE MAH has 240 seconds left.\n|inactive|TSupraz has 240 seconds left.\n|c| ziatneh|Who is this kid\n|j| good time 2025\n|l| good time 2025\n|inactive|GIATNEH THE MAH has 210 seconds left.\n|raw|<div class=\"broadcast-red\"><strong>Moderated chat was set to \u2606!</strong><br />Only users of rank \u2606 and higher can talk.</div>\n|\n|t:|1790527098\n|teamsize|p1|6\n|teamsize|p2|6\n|start\n|switch|p1a: Tornadus|Tornadus-Therian, M|100/100\n|switch|p2a: Weavile|Weavile, F|100/100\n|turn|1\n|inactive|GIATNEH THE MAH has 270 seconds left.\n|\n|t:|1790527104\n|switch|p1a: Clefable|Clefable, M|100/100\n|move|p2a: Weavile|Beat Up|p1a: Clefable\n|-resisted|p1a: Clefable\n|-damage|p1a: Clefable|95/100\n|-resisted|p1a: Clefable\n|-damage|p1a: Clefable|91/100\n|-resisted|p1a: Clefable\n|-damage|p1a: Clefable|85/100\n|-resisted|p1a: Clefable\n|-damage|p1a: Clefable|79/100\n|-resisted|p1a: Clefable\n|-damage|p1a: Clefable|75/100\n|-resisted|p1a: Clefable\n|-damage|p1a: Clefable|69/100\n|-hitcount|p1a: Clefable|6\n|\n|upkeep\n|turn|2\n|inactive|GIATNEH THE MAH has 270 seconds left.\n|\n|t:|1790527129\n|switch|p2a: Slowbro|Slowbro, M|100/100\n|move|p1a: Clefable|Soft-Boiled|p1a: Clefable\n|-heal|p1a: Clefable|100/100\n|\n|upkeep\n|turn|3\n|\n|t:|1790527141\n|move|p1a: Clefable|Stealth Rock|p2a: Slowbro\n|-sidestart|p2: TSupraz|move: Stealth Rock\n|move|p2a: Slowbro|Future Sight|p1a: Clefable\n|-start|p2a: Slowbro|move: Future Sight\n|\n|upkeep\n|turn|4\n|\n|t:|1790527157\n|switch|p1a: Melmetal|Melmetal|100/100\n|move|p2a: Slowbro|Teleport|p2a: Slowbro\n|\n|t:|1790527181\n|switch|p2a: Blacephalon|Blacephalon, shiny|100/100|[from] Teleport\n|-damage|p2a: Blacephalon|76/100|[from] Stealth Rock\n|\n|upkeep\n|turn|5\n|inactive|TSupraz has 270 seconds left.\n|\n|t:|1790527211\n|move|p1a: Melmetal|Protect|p1a: Melmetal\n|-singleturn|p1a: Melmetal|Protect\n|move|p2a: Blacephalon|Flamethrower|p1a: Melmetal\n|-activate|p1a: Melmetal|move: Protect\n|\n|-end|p1a: Melmetal|move: Future Sight\n|-resisted|p1a: Melmetal\n|-damage|p1a: Melmetal|78/100\n|-heal|p1a: Melmetal|84/100|[from] item: Leftovers\n|upkeep\n|turn|6\n|\n|t:|1790527231\n|switch|p1a: Heatran|Heatran, M|100/100\n|move|p2a: Blacephalon|Flamethrower|p1a: Heatran\n|-start|p1a: Heatran|ability: Flash Fire\n|\n|upkeep\n|turn|7\n|\n|t:|1790527235\n|switch|p2a: Slowbro|Slowbro, M|100/100\n|-damage|p2a: Slowbro|88/100|[from] Stealth Rock\n|move|p1a: Heatran|Magma Storm|p2a: Slowbro\n|-resisted|p2a: Slowbro\n|-damage|p2a: Slowbro|63/100\n|-activate|p2a: Slowbro|move: Magma Storm|[of] p1a: Heatran\n|-enditem|p2a: Slowbro|Eject Button\n|\n|t:|1790527243\n|switch|p2a: Landorus|Landorus-Therian, M|100/100\n|-damage|p2a: Landorus|88/100|[from] Stealth Rock\n|-ability|p2a: Landorus|Intimidate|boost\n|-unboost|p1a: Heatran|atk|1\n|\n|-heal|p2a: Landorus|94/100|[from] item: Leftovers\n|upkeep\n|turn|8\n|inactive|TSupraz has 270 seconds left.\n|\n|t:|1790527259\n|-end|p1a: Heatran|ability: Flash Fire|[silent]\n|switch|p1a: Tornadus|Tornadus-Therian, M|100/100\n|move|p2a: Landorus|U-turn|p1a: Tornadus\n|-resisted|p1a: Tornadus\n|-damage|p1a: Tornadus|88/100\n|inactive|TSupraz has 240 seconds left.\n|\n|t:|1790527294\n|switch|p2a: Slowbro|Slowbro, M|96/100|[from] U-turn\n|-damage|p2a: Slowbro|84/100|[from] Stealth Rock\n|\n|upkeep\n|turn|9\n|inactive|GIATNEH THE MAH has 270 seconds left.\n|\n|t:|1790527322\n|move|p1a: Tornadus|U-turn|p2a: Slowbro\n|-supereffective|p2a: Slowbro\n|-damage|p2a: Slowbro|64/100\n|\n|t:|1790527331\n|switch|p1a: Clefable|Clefable, M|100/100|[from] U-turn\n|move|p2a: Slowbro|Future Sight|p1a: Clefable\n|-start|p2a: Slowbro|move: Future Sight\n|\n|upkeep\n|turn|10\n|\n|t:|1790527344\n|switch|p1a: Melmetal|Melmetal|84/100\n|move|p2a: Slowbro|Teleport|p2a: Slowbro\n|\n|t:|1790527347\n|switch|p2a: Corviknight|Corviknight, M|100/100|[from] Teleport\n|-damage|p2a: Corviknight|88/100|[from] Stealth Rock\n|-ability|p2a: Corviknight|Pressure\n|\n|-heal|p1a: Melmetal|90/100|[from] item: Leftovers\n|upkeep\n|turn|11\n|\n|t:|1790527356\n|move|p1a: Melmetal|Protect|p1a: Melmetal\n|-singleturn|p1a: Melmetal|Protect\n|move|p2a: Corviknight|Defog|p1a: Melmetal\n|-activate|p1a: Melmetal|move: Protect\n|\n|-end|p1a: Melmetal|move: Future Sight\n|-resisted|p1a: Melmetal\n|-damage|p1a: Melmetal|67/100\n|-heal|p1a: Melmetal|73/100|[from] item: Leftovers\n|upkeep\n|turn|12\n|inactive|TSupraz has 270 seconds left.\n|\n|t:|1790527367\n|move|p2a: Corviknight|Defog|p1a: Melmetal\n|-unboost|p1a: Melmetal|evasion|1\n|-sideend|p2: TSupraz|Stealth Rock|[from] move: Defog|[of] p2a: Corviknight\n|move|p1a: Melmetal|Thunder Punch|p2a: Corviknight\n|-supereffective|p2a: Corviknight\n|-damage|p2a: Corviknight|40/100\n|-damage|p1a: Melmetal|56/100|[from] item: Rocky Helmet|[of] p2a: Corviknight\n|\n|-heal|p1a: Melmetal|62/100|[from] item: Leftovers\n|upkeep\n|turn|13\n|inactive|TSupraz has 270 seconds left.\n|\n|t:|1790527380\n|switch|p1a: Heatran|Heatran, M|100/100\n|move|p2a: Corviknight|Roost|p2a: Corviknight\n|-heal|p2a: Corviknight|90/100\n|-singleturn|p2a: Corviknight|move: Roost\n|\n|upkeep\n|turn|14\n|\n|t:|1790527390\n|switch|p2a: Slowbro|Slowbro, M|98/100\n|move|p1a: Heatran|Magma Storm|p2a: Slowbro\n|-resisted|p2a: Slowbro\n|-damage|p2a: Slowbro|78/100\n|-activate|p2a: Slowbro|move: Magma Storm|[of] p1a: Heatran\n|\n|-damage|p2a: Slowbro|66/100|[from] move: Magma Storm|[partiallytrapped]\n|upkeep\n|turn|15\n|\n|t:|1790527395\n|move|p1a: Heatran|Taunt|p2a: Slowbro\n|-start|p2a: Slowbro|move: Taunt\n|move|p2a: Slowbro|Scald|p1a: Heatran\n|-supereffective|p1a: Heatran\n|-crit|p1a: Heatran\n|-damage|p1a: Heatran|49/100\n|\n|-heal|p1a: Heatran|55/100|[from] item: Leftovers\n|-damage|p2a: Slowbro|53/100|[from] move: Magma Storm|[partiallytrapped]\n|upkeep\n|turn|16\n|\n|t:|1790527407\n|switch|p1a: Clefable|Clefable, M|100/100\n|move|p2a: Slowbro|Scald|p1a: Clefable\n|-damage|p1a: Clefable|72/100\n|\n|-end|p2a: Slowbro|Magma Storm|[partiallytrapped]|[silent]\n|upkeep\n|turn|17\n|\n|t:|1790527414\n|move|p1a: Clefable|Stealth Rock|p2a: Slowbro\n|-sidestart|p2: TSupraz|move: Stealth Rock\n|move|p2a: Slowbro|Future Sight|p1a: Clefable\n|-start|p2a: Slowbro|move: Future Sight\n|\n|-end|p2a: Slowbro|move: Taunt\n|upkeep\n|turn|18\n|\n|t:|1790527426\n|switch|p1a: Melmetal|Melmetal|62/100\n|switch|p2a: Corviknight|Corviknight, M|90/100\n|-damage|p2a: Corviknight|77/100|[from] Stealth Rock\n|-ability|p2a: Corviknight|Pressure\n|\n|-heal|p1a: Melmetal|68/100|[from] item: Leftovers\n|upkeep\n|turn|19\n|\n|t:|1790527450\n|switch|p1a: Clefable|Clefable, M|72/100\n|move|p2a: Corviknight|Defog|p1a: Clefable\n|-unboost|p1a: Clefable|evasion|1\n|-sideend|p2: TSupraz|Stealth Rock|[from] move: Defog|[of] p2a: Corviknight\n|\n|-end|p1a: Clefable|move: Future Sight\n|-damage|p1a: Clefable|32/100\n|upkeep\n|turn|20\n|\n|t:|1790527466\n|move|p1a: Clefable|Soft-Boiled|p1a: Clefable\n|-heal|p1a: Clefable|82/100\n|move|p2a: Corviknight|U-turn|p1a: Clefable\n|-resisted|p1a: Clefable\n|-damage|p1a: Clefable|77/100\n|-damage|p2a: Corviknight|61/100|[from] item: Rocky Helmet|[of] p1a: Clefable\n|\n|t:|1790527469\n|switch|p2a: Blacephalon|Blacephalon, shiny|76/100|[from] U-turn\n|\n|upkeep\n|turn|21\n|\n|t:|1790527478\n|switch|p1a: Gastrodon|Gastrodon-East, F|100/100\n|move|p2a: Blacephalon|Shadow Ball|p1a: Gastrodon\n|-crit|p1a: Gastrodon\n|-damage|p1a: Gastrodon|28/100\n|\n|-heal|p1a: Gastrodon|34/100|[from] item: Leftovers\n|upkeep\n|turn|22\n|\n|t:|1790527492\n|switch|p1a: Tornadus|Tornadus-Therian, M|100/100\n|move|p2a: Blacephalon|Shadow Ball|p1a: Tornadus\n|-damage|p1a: Tornadus|26/100\n|\n|upkeep\n|turn|23\n|\n|t:|1790527504\n|switch|p2a: Slowbro|Slowbro, M|87/100\n|move|p1a: Tornadus|Knock Off|p2a: Slowbro\n|-supereffective|p2a: Slowbro\n|-damage|p2a: Slowbro|67/100\n|\n|upkeep\n|turn|24\n|\n|t:|1790527510\n|move|p1a: Tornadus|U-turn|p2a: Slowbro\n|-supereffective|p2a: Slowbro\n|-damage|p2a: Slowbro|48/100\n|\n|t:|1790527511\n|switch|p1a: Gastrodon|Gastrodon-East, F|34/100|[from] U-turn\n|move|p2a: Slowbro|Teleport|p2a: Slowbro\n|\n|t:|1790527517\n|switch|p2a: Blacephalon|Blacephalon, shiny|76/100|[from] Teleport\n|\n|-heal|p1a: Gastrodon|40/100|[from] item: Leftovers\n|upkeep\n|turn|25\n|inactive|GIATNEH THE MAH has 270 seconds left.\n|inactive|GIATNEH THE MAH has 240 seconds left.\n|\n|t:|1790527585\n|switch|p1a: Melmetal|Melmetal|68/100\n|move|p2a: Blacephalon|Shadow Ball|p1a: Melmetal\n|-damage|p1a: Melmetal|0 fnt\n|faint|p1a: Melmetal\n|-ability|p2a: Blacephalon|Beast Boost|boost\n|-boost|p2a: Blacephalon|spa|1\n|\n|upkeep\n|\n|t:|1790527587\n|switch|p1a: Tornadus|Tornadus-Therian, M|60/100\n|turn|26\n|\n|t:|1790527606\n|switch|p2a: Slowbro|Slowbro, M|81/100\n|move|p1a: Tornadus|Knock Off|p2a: Slowbro\n|-supereffective|p2a: Slowbro\n|-damage|p2a: Slowbro|62/100\n|\n|upkeep\n|turn|27\n|\n|t:|1790527610\n|move|p1a: Tornadus|Hurricane|p2a: Slowbro\n|-damage|p2a: Slowbro|24/100\n|move|p2a: Slowbro|Teleport|p2a: Slowbro\n|\n|t:|1790527628\n|switch|p2a: Melmetal|Melmetal|100/100|[from] Teleport\n|\n|upkeep\n|turn|28\n|\n|t:|1790527631\n|move|p1a: Tornadus|U-turn|p2a: Melmetal\n|-resisted|p2a: Melmetal\n|-damage|p2a: Melmetal|96/100\n|\n|t:|1790527637\n|switch|p1a: Heatran|Heatran, M|55/100|[from] U-turn\n|move|p2a: Melmetal|Superpower|p1a: Heatran\n|-supereffective|p1a: Heatran\n|-damage|p1a: Heatran|0 fnt\n|-unboost|p2a: Melmetal|atk|1\n|-unboost|p2a: Melmetal|def|1\n|faint|p1a: Heatran\n|\n|-heal|p2a: Melmetal|100/100|[from] item: Leftovers\n|upkeep\n|\n|t:|1790527646\n|switch|p1a: Gastrodon|Gastrodon-East, F|40/100\n|turn|29\n|\n|t:|1790527653\n|switch|p2a: Slowbro|Slowbro, M|58/100\n|move|p1a: Gastrodon|Recover|p1a: Gastrodon\n|-heal|p1a: Gastrodon|90/100\n|\n|-heal|p1a: Gastrodon|96/100|[from] item: Leftovers\n|upkeep\n|turn|30\n|\n|t:|1790527659\n|move|p1a: Gastrodon|Toxic|p2a: Slowbro|[miss]\n|-miss|p1a: Gastrodon|p2a: Slowbro\n|move|p2a: Slowbro|Future Sight|p1a: Gastrodon\n|-start|p2a: Slowbro|move: Future Sight\n|\n|-heal|p1a: Gastrodon|100/100|[from] item: Leftovers\n|upkeep\n|turn|31\n|\n|t:|1790527688\n|switch|p1a: Tornadus|Tornadus-Therian, M|93/100\n|move|p2a: Slowbro|Teleport|p2a: Slowbro\n|\n|t:|1790527705\n|switch|p2a: Melmetal|Melmetal|100/100|[from] Teleport\n|\n|upkeep\n|turn|32\n|inactive|GIATNEH THE MAH has 270 seconds left.\n|\n|t:|1790527736\n|move|p1a: Tornadus|U-turn|p2a: Melmetal\n|-resisted|p2a: Melmetal\n|-damage|p2a: Melmetal|96/100\n|\n|t:|1790527737\n|switch|p1a: Gastrodon|Gastrodon-East, F|100/100|[from] U-turn\n|move|p2a: Melmetal|Double Iron Bash|p1a: Gastrodon\n|-resisted|p1a: Gastrodon\n|-damage|p1a: Gastrodon|78/100\n|-resisted|p1a: Gastrodon\n|-damage|p1a: Gastrodon|55/100\n|-hitcount|p1a: Gastrodon|2\n|\n|-end|p1a: Gastrodon|move: Future Sight\n|-damage|p1a: Gastrodon|28/100\n|-heal|p1a: Gastrodon|34/100|[from] item: Leftovers\n|-heal|p2a: Melmetal|100/100|[from] item: Leftovers\n|upkeep\n|turn|33\n|\n|t:|1790527753\n|move|p1a: Gastrodon|Recover|p1a: Gastrodon\n|-heal|p1a: Gastrodon|84/100\n|move|p2a: Melmetal|Double Iron Bash|p1a: Gastrodon\n|-resisted|p1a: Gastrodon\n|-damage|p1a: Gastrodon|61/100\n|-resisted|p1a: Gastrodon\n|-damage|p1a: Gastrodon|37/100\n|-hitcount|p1a: Gastrodon|2\n|\n|-heal|p1a: Gastrodon|43/100|[from] item: Leftovers\n|upkeep\n|turn|34\n|\n|t:|1790527761\n|move|p1a: Gastrodon|Recover|p1a: Gastrodon\n|-heal|p1a: Gastrodon|93/100\n|move|p2a: Melmetal|Toxic|p1a: Gastrodon|[miss]\n|-miss|p2a: Melmetal|p1a: Gastrodon\n|\n|-heal|p1a: Gastrodon|99/100|[from] item: Leftovers\n|upkeep\n|turn|35\n|\n|t:|1790527768\n|switch|p1a: Clefable|Clefable, M|77/100\n|switch|p2a: Slowbro|Slowbro, M|91/100\n|\n|upkeep\n|turn|36\n|\n|t:|1790527774\n|move|p1a: Clefable|Stealth Rock|p2a: Slowbro\n|-sidestart|p2: TSupraz|move: Stealth Rock\n|move|p2a: Slowbro|Future Sight|p1a: Clefable\n|-start|p2a: Slowbro|move: Future Sight\n|\n|upkeep\n|turn|37\n|\n|t:|1790527778\n|switch|p1a: Gastrodon|Gastrodon-East, F|99/100\n|move|p2a: Slowbro|Teleport|p2a: Slowbro\n|\n|t:|1790527796\n|switch|p2a: Corviknight|Corviknight, M|61/100|[from] Teleport\n|-damage|p2a: Corviknight|48/100|[from] Stealth Rock\n|-ability|p2a: Corviknight|Pressure\n|\n|-heal|p1a: Gastrodon|100/100|[from] item: Leftovers\n|upkeep\n|turn|38\n|\n|t:|1790527799\n|move|p2a: Corviknight|Roost|p2a: Corviknight\n|-heal|p2a: Corviknight|98/100\n|-singleturn|p2a: Corviknight|move: Roost\n|move|p1a: Gastrodon|Scald|p2a: Corviknight\n|-crit|p2a: Corviknight\n|-damage|p2a: Corviknight|58/100\n|-status|p2a: Corviknight|brn\n|\n|-end|p1a: Gastrodon|move: Future Sight\n|-damage|p1a: Gastrodon|73/100\n|-heal|p1a: Gastrodon|79/100|[from] item: Leftovers\n|-damage|p2a: Corviknight|51/100 brn|[from] brn\n|upkeep\n|turn|39\n|\n|t:|1790527809\n|move|p2a: Corviknight|Roost|p2a: Corviknight\n|-heal|p2a: Corviknight|100/100 brn\n|-singleturn|p2a: Corviknight|move: Roost\n|move|p1a: Gastrodon|Earth Power|p2a: Corviknight\n|-supereffective|p2a: Corviknight\n|-damage|p2a: Corviknight|43/100 brn\n|\n|-heal|p1a: Gastrodon|85/100|[from] item: Leftovers\n|-damage|p2a: Corviknight|37/100 brn|[from] brn\n|upkeep\n|turn|40\n|\n|t:|1790527816\n|move|p2a: Corviknight|Roost|p2a: Corviknight\n|-heal|p2a: Corviknight|87/100 brn\n|-singleturn|p2a: Corviknight|move: Roost\n|move|p1a: Gastrodon|Scald|p2a: Corviknight\n|-damage|p2a: Corviknight|63/100 brn\n|\n|-heal|p1a: Gastrodon|91/100|[from] item: Leftovers\n|-damage|p2a: Corviknight|57/100 brn|[from] brn\n|upkeep\n|turn|41\n|\n|t:|1790527823\n|move|p2a: Corviknight|Defog|p1a: Gastrodon\n|-unboost|p1a: Gastrodon|evasion|1\n|-sideend|p2: TSupraz|Stealth Rock|[from] move: Defog|[of] p2a: Corviknight\n|move|p1a: Gastrodon|Scald|p2a: Corviknight\n|-damage|p2a: Corviknight|33/100 brn\n|\n|-heal|p1a: Gastrodon|97/100|[from] item: Leftovers\n|-damage|p2a: Corviknight|27/100 brn|[from] brn\n|upkeep\n|turn|42\n|\n|t:|1790527832\n|move|p2a: Corviknight|Roost|p2a: Corviknight\n|-heal|p2a: Corviknight|77/100 brn\n|-singleturn|p2a: Corviknight|move: Roost\n|move|p1a: Gastrodon|Earth Power|p2a: Corviknight\n|-supereffective|p2a: Corviknight\n|-damage|p2a: Corviknight|23/100 brn\n|\n|-heal|p1a: Gastrodon|100/100|[from] item: Leftovers\n|-damage|p2a: Corviknight|17/100 brn|[from] brn\n|upkeep\n|turn|43\n|\n|t:|1790527838\n|move|p2a: Corviknight|Roost|p2a: Corviknight\n|-heal|p2a: Corviknight|67/100 brn\n|-singleturn|p2a: Corviknight|move: Roost\n|move|p1a: Gastrodon|Earth Power|p2a: Corviknight\n|-supereffective|p2a: Corviknight\n|-crit|p2a: Corviknight\n|-damage|p2a: Corviknight|0 fnt\n|faint|p2a: Corviknight\n|\n|upkeep\n|\n|t:|1790527854\n|switch|p2a: Weavile|Weavile, F|100/100\n|turn|44\n|\n|t:|1790527864\n|switch|p1a: Clefable|Clefable, M|77/100\n|move|p2a: Weavile|Triple Axel|p1a: Clefable\n|-damage|p1a: Clefable|64/100\n|-damage|p2a: Weavile|84/100|[from] item: Rocky Helmet|[of] p1a: Clefable\n|-damage|p1a: Clefable|40/100\n|-damage|p2a: Weavile|68/100|[from] item: Rocky Helmet|[of] p1a: Clefable\n|-damage|p1a: Clefable|2/100\n|-damage|p2a: Weavile|51/100|[from] item: Rocky Helmet|[of] p1a: Clefable\n|-hitcount|p1a: Clefable|3\n|\n|upkeep\n|turn|45\n|\n|t:|1790527876\n|move|p2a: Weavile|Triple Axel|p1a: Clefable\n|-damage|p1a: Clefable|0 fnt\n|-damage|p2a: Weavile|35/100|[from] item: Rocky Helmet|[of] p1a: Clefable\n|faint|p1a: Clefable\n|-hitcount|p1: Clefable|1\n|\n|upkeep\n|\n|t:|1790527879\n|switch|p1a: Rillaboom|Rillaboom, F|100/100\n|-fieldstart|move: Grassy Terrain|[from] ability: Grassy Surge|[of] p1a: Rillaboom\n|turn|46\n|\n|t:|1790527887\n|switch|p2a: Landorus|Landorus-Therian, M|94/100\n|-ability|p2a: Landorus|Intimidate|boost\n|-unboost|p1a: Rillaboom|atk|1\n|move|p1a: Rillaboom|Swords Dance|p1a: Rillaboom\n|-boost|p1a: Rillaboom|atk|2\n|\n|-heal|p2a: Landorus|99/100|[from] item: Leftovers\n|upkeep\n|turn|47\n|\n|t:|1790527900\n|move|p1a: Rillaboom|Swords Dance|p1a: Rillaboom\n|-boost|p1a: Rillaboom|atk|2\n|move|p2a: Landorus|U-turn|p1a: Rillaboom\n|-supereffective|p1a: Rillaboom\n|-damage|p1a: Rillaboom|56/100\n|\n|t:|1790527907\n|switch|p2a: Weavile|Weavile, F|35/100|[from] U-turn\n|\n|-heal|p2a: Weavile|41/100|[from] Grassy Terrain\n|-heal|p1a: Rillaboom|62/100|[from] Grassy Terrain\n|-heal|p1a: Rillaboom|69/100|[from] item: Leftovers\n|upkeep\n|turn|48\n|\n|t:|1790527914\n|move|p2a: Weavile|Ice Shard|p1a: Rillaboom\n|-supereffective|p1a: Rillaboom\n|-damage|p1a: Rillaboom|7/100\n|move|p1a: Rillaboom|Grassy Glide|p2a: Weavile\n|-damage|p2a: Weavile|0 fnt\n|faint|p2a: Weavile\n|\n|-heal|p1a: Rillaboom|13/100|[from] Grassy Terrain\n|-heal|p1a: Rillaboom|19/100|[from] item: Leftovers\n|upkeep\n|\n|t:|1790527931\n|switch|p2a: Landorus|Landorus-Therian, M|99/100\n|-ability|p2a: Landorus|Intimidate|boost\n|-unboost|p1a: Rillaboom|atk|1\n|turn|49\n|\n|t:|1790527949\n|move|p1a: Rillaboom|Grassy Glide|p2a: Landorus\n|-damage|p2a: Landorus|0 fnt\n|faint|p2a: Landorus\n|\n|-heal|p1a: Rillaboom|25/100|[from] Grassy Terrain\n|-heal|p1a: Rillaboom|32/100|[from] item: Leftovers\n|upkeep\n|\n|t:|1790527956\n|switch|p2a: Melmetal|Melmetal|100/100\n|turn|50\n|\n|t:|1790527977\n|move|p1a: Rillaboom|Drain Punch|p2a: Melmetal\n|-supereffective|p2a: Melmetal\n|-damage|p2a: Melmetal|36/100\n|-heal|p1a: Rillaboom|68/100|[from] drain|[of] p2a: Melmetal\n|move|p2a: Melmetal|Double Iron Bash|p1a: Rillaboom\n|-damage|p1a: Rillaboom|22/100\n|-damage|p1a: Rillaboom|0 fnt\n|faint|p1a: Rillaboom\n|-hitcount|p1: Rillaboom|2\n|\n|-heal|p2a: Melmetal|42/100|[from] Grassy Terrain\n|-heal|p2a: Melmetal|49/100|[from] item: Leftovers\n|-fieldend|move: Grassy Terrain\n|upkeep\n|\n|t:|1790527982\n|switch|p1a: Gastrodon|Gastrodon-East, F|100/100\n|turn|51\n|\n|t:|1790527990\n|switch|p2a: Slowbro|Slowbro, M|100/100\n|move|p1a: Gastrodon|Earth Power|p2a: Slowbro\n|-damage|p2a: Slowbro|75/100\n|\n|upkeep\n|turn|52\n|\n|t:|1790527993\n|move|p1a: Gastrodon|Toxic|p2a: Slowbro\n|-status|p2a: Slowbro|tox\n|move|p2a: Slowbro|Future Sight|p1a: Gastrodon\n|-start|p2a: Slowbro|move: Future Sight\n|\n|-damage|p2a: Slowbro|69/100 tox|[from] psn\n|upkeep\n|turn|53\n|\n|t:|1790528008\n|move|p1a: Gastrodon|Earth Power|p2a: Slowbro\n|-damage|p2a: Slowbro|44/100 tox\n|-unboost|p2a: Slowbro|spd|1\n|move|p2a: Slowbro|Teleport|p2a: Slowbro\n|inactive|TSupraz has 270 seconds left.\n|\n|t:|1790528044\n|switch|p2a: Melmetal|Melmetal|49/100|[from] Teleport\n|\n|-heal|p2a: Melmetal|55/100|[from] item: Leftovers\n|upkeep\n|turn|54\n|inactive|TSupraz has 270 seconds left.\n|\n|t:|1790528055\n|switch|p2a: Slowbro|Slowbro, M|77/100 tox\n|move|p1a: Gastrodon|Earth Power|p2a: Slowbro\n|-damage|p2a: Slowbro|51/100 tox\n|\n|-end|p1a: Gastrodon|move: Future Sight\n|-damage|p1a: Gastrodon|74/100\n|-heal|p1a: Gastrodon|80/100|[from] item: Leftovers\n|-damage|p2a: Slowbro|45/100 tox|[from] psn\n|upkeep\n|turn|55\n|\n|t:|1790528064\n|move|p1a: Gastrodon|Earth Power|p2a: Slowbro\n|-damage|p2a: Slowbro|19/100 tox\n|-unboost|p2a: Slowbro|spd|1\n|move|p2a: Slowbro|Teleport|p2a: Slowbro\n|\n|t:|1790528068\n|switch|p2a: Melmetal|Melmetal|55/100|[from] Teleport\n|\n|-heal|p1a: Gastrodon|86/100|[from] item: Leftovers\n|-heal|p2a: Melmetal|61/100|[from] item: Leftovers\n|upkeep\n|turn|56\n|\n|t:|1790528092\n|switch|p1a: Tornadus|Tornadus-Therian, M|100/100\n|move|p2a: Melmetal|Toxic|p1a: Tornadus\n|-status|p1a: Tornadus|tox\n|\n|-heal|p2a: Melmetal|67/100|[from] item: Leftovers\n|-damage|p1a: Tornadus|94/100 tox|[from] psn\n|upkeep\n|turn|57\n|\n|t:|1790528102\n|move|p1a: Tornadus|Knock Off|p2a: Melmetal\n|-damage|p2a: Melmetal|55/100\n|-enditem|p2a: Melmetal|Leftovers|[from] move: Knock Off|[of] p1a: Tornadus\n|move|p2a: Melmetal|Double Iron Bash|p1a: Tornadus\n|-crit|p1a: Tornadus\n|-damage|p1a: Tornadus|21/100 tox\n|-damage|p1a: Tornadus|0 fnt\n|faint|p1a: Tornadus\n|-hitcount|p1: Tornadus|2\n|\n|upkeep\n|\n|t:|1790528109\n|switch|p1a: Gastrodon|Gastrodon-East, F|86/100\n|turn|58\n|\n|t:|1790528113\n|move|p1a: Gastrodon|Earth Power|p2a: Melmetal\n|-supereffective|p2a: Melmetal\n|-damage|p2a: Melmetal|2/100\n|move|p2a: Melmetal|Toxic|p1a: Gastrodon\n|-status|p1a: Gastrodon|tox\n|\n|-heal|p1a: Gastrodon|92/100 tox|[from] item: Leftovers\n|-damage|p1a: Gastrodon|86/100 tox|[from] psn\n|upkeep\n|turn|59\n|\n|t:|1790528125\n|move|p1a: Gastrodon|Earth Power|p2a: Melmetal\n|-supereffective|p2a: Melmetal\n|-damage|p2a: Melmetal|0 fnt\n|faint|p2a: Melmetal\n|\n|-heal|p1a: Gastrodon|92/100 tox|[from] item: Leftovers\n|-damage|p1a: Gastrodon|80/100 tox|[from] psn\n|upkeep\n|\n|t:|1790528139\n|switch|p2a: Slowbro|Slowbro, M|53/100 tox\n|turn|60\n|\n|t:|1790528146\n|move|p1a: Gastrodon|Earth Power|p2a: Slowbro\n|-damage|p2a: Slowbro|28/100 tox\n|move|p2a: Slowbro|Slack Off|p2a: Slowbro\n|-heal|p2a: Slowbro|78/100 tox\n|\n|-heal|p1a: Gastrodon|86/100 tox|[from] item: Leftovers\n|-damage|p1a: Gastrodon|68/100 tox|[from] psn\n|-damage|p2a: Slowbro|72/100 tox|[from] psn\n|upkeep\n|turn|61\n|-message|GIATNEH THE MAH forfeited.\n|\n|win|TSupraz\n|c|\u2606TSupraz|gg\n|l|\u2606GIATNEH THE MAH\n|player|p1|\n|j|\u2606GIATNEH THE MAH\n|player|p1|GIATNEH THE MAH|erika-gen2|\n", "uploadtime": 1790528157, "views": "53", "formatid": "gen8ou", "rating": null, "private": 0, "password": null}