{"id": "gen8ou-2692374879", "format": "[Gen 8] OU", "players": ["lctrem", "memphisdepayy"], "log": "|j|\u2606lctrem\n|j|\u2606memphisdepayy\n|inactive|Battle timer is ON: inactive players will automatically lose when time's up.\n|t:|1791064682\n|gametype|singles\n|player|p1|lctrem|ghetsis|\n|player|p2|memphisdepayy|unknownf|\n|gen|8\n|tier|[Gen 8] OU\n|rated|Tournament battle\n|rule|HP Percentage Mod: HP is shown in percentages\n|rule|Endless Battle Clause: Forcing endless battles is banned\n|rule|Sleep Clause Mod: Limit one foe put to sleep\n|rule|Species Clause: Limit one of each Pok\u00e9mon\n|rule|OHKO Clause: OHKO moves are banned\n|rule|Evasion Items Clause: Evasion items are banned\n|rule|Evasion Moves Clause: Evasion moves are banned\n|rule|Dynamax Clause: You cannot dynamax\n|clearpoke\n|poke|p1|Suicune|\n|poke|p1|Ninetales-Alola, F|\n|poke|p1|Corviknight, F|\n|poke|p1|Tyranitar, F|\n|poke|p1|Zeraora|\n|poke|p1|Azelf|\n|poke|p2|Dragonite, F|\n|poke|p2|Rillaboom, F|\n|poke|p2|Blaziken, F|\n|poke|p2|Heatran, F|\n|poke|p2|Weavile, M|\n|poke|p2|Garchomp, M|\n|teampreview\n|inactive|memphisdepayy also wants the timer to be on.\n|j| AmoMeuPaieMinhaMae\n|c|\u2606memphisdepayy|SELOCO\n|c|\u2606lctrem|gl\n|c| AmoMeuPaieMinhaMae|memphisdepayy memphisdepayy memphisde papapay\n|\n|t:|1791064697\n|teamsize|p1|6\n|teamsize|p2|6\n|start\n|switch|p1a: Azelf|Azelf|100/100\n|switch|p2a: Heatran|Heatran, F|100/100\n|-item|p2a: Heatran|Air Balloon\n|turn|1\n|j| sagazinha\n|j| GRENINJA_mdm\n|j| aoi_happy\n|c|\u2606lctrem|estou afim de farma hj\n|j| Cataclyismo\n|\n|t:|1791064717\n|move|p1a: Azelf|Taunt|p2a: Heatran\n|-start|p2a: Heatran|move: Taunt\n|move|p2a: Heatran|Magma Storm|p1a: Azelf|[miss]\n|-miss|p2a: Heatran|p1a: Azelf\n|\n|upkeep\n|turn|2\n|j| NinjaCaro\n|\n|t:|1791064724\n|move|p1a: Azelf|Stealth Rock|p2a: Heatran\n|-sidestart|p2: memphisdepayy|move: Stealth Rock\n|move|p2a: Heatran|Magma Storm|p1a: Azelf\n|-damage|p1a: Azelf|38/100\n|-activate|p1a: Azelf|move: Magma Storm|[of] p2a: Heatran\n|\n|-damage|p1a: Azelf|26/100|[from] move: Magma Storm|[partiallytrapped]\n|upkeep\n|turn|3\n|c| NinjaCaro|Meu deus\n|\n|t:|1791064729\n|switch|p2a: Garchomp|Garchomp, M|100/100\n|-damage|p2a: Garchomp|94/100|[from] Stealth Rock\n|move|p1a: Azelf|Explosion|p2a: Garchomp\n|-damage|p2a: Garchomp|15/100\n|faint|p1a: Azelf\n|\n|-heal|p2a: Garchomp|22/100|[from] item: Leftovers\n|upkeep\n|c| Cataclyismo|hj farmar n vale de nd\n|c| NinjaCaro|Tomara q perca\n|\n|t:|1791064733\n|switch|p1a: Ninetales|Ninetales-Alola, F|100/100\n|-weather|Hail|[from] ability: Snow Warning|[of] p1a: Ninetales\n|turn|4\n|j| sussaix\n|c| Cataclyismo|hj em dia \u00e9 roubar kk\n|c| NinjaCaro|seu lixo memphisdepayy\n|\n|t:|1791064738\n|switch|p2a: Heatran|Heatran, F|100/100\n|-damage|p2a: Heatran|88/100|[from] Stealth Rock\n|-item|p2a: Heatran|Air Balloon\n|move|p1a: Ninetales|Freeze-Dry|p2a: Heatran\n|-resisted|p2a: Heatran\n|-damage|p2a: Heatran|84/100\n|-enditem|p2a: Heatran|Air Balloon\n|\n|-weather|Hail|[upkeep]\n|-damage|p2a: Heatran|77/100|[from] Hail\n|upkeep\n|turn|5\n|c| AmoMeuPaieMinhaMae|memphisdepayy memphisdepayy memphisde papapay\n|\n|t:|1791064741\n|move|p1a: Ninetales|Aurora Veil|p1a: Ninetales\n|-sidestart|p1: lctrem|move: Aurora Veil\n|move|p2a: Heatran|Stealth Rock|p1a: Ninetales\n|-sidestart|p1: lctrem|move: Stealth Rock\n|\n|-weather|Hail|[upkeep]\n|-damage|p2a: Heatran|71/100|[from] Hail\n|upkeep\n|turn|6\n|\n|t:|1791064744\n|move|p1a: Ninetales|Encore|p2a: Heatran\n|-start|p2a: Heatran|Encore\n|move|p2a: Heatran|Stealth Rock||[still]\n|-fail|p2a: Heatran\n|\n|-weather|Hail|[upkeep]\n|-damage|p2a: Heatran|65/100|[from] Hail\n|upkeep\n|turn|7\n|\n|t:|1791064748\n|switch|p1a: Zeraora|Zeraora|100/100\n|-damage|p1a: Zeraora|88/100|[from] Stealth Rock\n|switch|p2a: Garchomp|Garchomp, M|22/100\n|-damage|p2a: Garchomp|15/100|[from] Stealth Rock\n|\n|-weather|Hail|[upkeep]\n|-damage|p1a: Zeraora|82/100|[from] Hail\n|-damage|p2a: Garchomp|9/100|[from] Hail\n|-heal|p2a: Garchomp|15/100|[from] item: Leftovers\n|upkeep\n|turn|8\n|\n|t:|1791064752\n|move|p1a: Zeraora|Bulk Up|p1a: Zeraora\n|-boost|p1a: Zeraora|atk|1\n|-boost|p1a: Zeraora|def|1\n|move|p2a: Garchomp|Scale Shot|p1a: Zeraora\n|-damage|p1a: Zeraora|76/100\n|-damage|p1a: Zeraora|70/100\n|-hitcount|p1a: Zeraora|2\n|-unboost|p2a: Garchomp|def|1\n|-boost|p2a: Garchomp|spe|1\n|\n|-weather|none\n|-heal|p2a: Garchomp|22/100|[from] item: Leftovers\n|upkeep\n|turn|9\n|j| cute vn\n|\n|t:|1791064756\n|move|p2a: Garchomp|Swords Dance|p2a: Garchomp\n|-boost|p2a: Garchomp|atk|2\n|move|p1a: Zeraora|Knock Off|p2a: Garchomp\n|-damage|p2a: Garchomp|0 fnt\n|-damage|p1a: Zeraora|58/100|[from] ability: Rough Skin|[of] p2a: Garchomp\n|-enditem|p2a: Garchomp|Leftovers|[from] move: Knock Off|[of] p1a: Zeraora\n|faint|p2a: Garchomp\n|\n|upkeep\n|c| NinjaCaro|Nice caralho\n|c| GRENINJA_mdm|??\n|\n|t:|1791064774\n|switch|p2a: Rillaboom|Rillaboom, F|100/100\n|-damage|p2a: Rillaboom|88/100|[from] Stealth Rock\n|-fieldstart|move: Grassy Terrain|[from] ability: Grassy Surge|[of] p2a: Rillaboom\n|turn|10\n|\n|t:|1791064778\n|move|p1a: Zeraora|Knock Off|p2a: Rillaboom\n|-damage|p2a: Rillaboom|48/100\n|-enditem|p2a: Rillaboom|Life Orb|[from] move: Knock Off|[of] p1a: Zeraora\n|move|p2a: Rillaboom|Swords Dance|p2a: Rillaboom\n|-boost|p2a: Rillaboom|atk|2\n|\n|-heal|p1a: Zeraora|64/100|[from] Grassy Terrain\n|-heal|p2a: Rillaboom|54/100|[from] Grassy Terrain\n|upkeep\n|turn|11\n|j| SouCarlos\n|\n|t:|1791064785\n|move|p2a: Rillaboom|Grassy Glide|p1a: Zeraora\n|-damage|p1a: Zeraora|14/100\n|move|p1a: Zeraora|Drain Punch|p2a: Rillaboom\n|-crit|p2a: Rillaboom\n|-damage|p2a: Rillaboom|6/100\n|-heal|p1a: Zeraora|44/100|[from] drain|[of] p2a: Rillaboom\n|\n|-heal|p1a: Zeraora|50/100|[from] Grassy Terrain\n|-heal|p2a: Rillaboom|12/100|[from] Grassy Terrain\n|upkeep\n|turn|12\n|j| mipc\n|\n|t:|1791064790\n|move|p2a: Rillaboom|Grassy Glide|p1a: Zeraora\n|-damage|p1a: Zeraora|2/100\n|move|p1a: Zeraora|Drain Punch|p2a: Rillaboom\n|-damage|p2a: Rillaboom|0 fnt\n|-heal|p1a: Zeraora|9/100|[from] drain|[of] p2a: Rillaboom\n|faint|p2a: Rillaboom\n|\n|-heal|p1a: Zeraora|15/100|[from] Grassy Terrain\n|-sideend|p1: lctrem|move: Aurora Veil\n|upkeep\n|\n|t:|1791064795\n|switch|p2a: Weavile|Weavile, M|100/100\n|-damage|p2a: Weavile|76/100|[from] Stealth Rock\n|-ability|p2a: Weavile|Pressure\n|turn|13\n|\n|t:|1791064797\n|move|p2a: Weavile|Ice Shard|p1a: Zeraora\n|-damage|p1a: Zeraora|0 fnt\n|faint|p1a: Zeraora\n|-damage|p2a: Weavile|66/100|[from] item: Life Orb\n|\n|-heal|p2a: Weavile|72/100|[from] Grassy Terrain\n|upkeep\n|\n|t:|1791064807\n|switch|p1a: Suicune|Suicune|100/100\n|-damage|p1a: Suicune|88/100|[from] Stealth Rock\n|-ability|p1a: Suicune|Pressure\n|turn|14\n|\n|t:|1791064810\n|move|p2a: Weavile|Swords Dance|p2a: Weavile\n|-boost|p2a: Weavile|atk|2\n|move|p1a: Suicune|Agility|p1a: Suicune\n|-boost|p1a: Suicune|spe|2\n|\n|-heal|p1a: Suicune|94/100|[from] Grassy Terrain\n|-heal|p2a: Weavile|78/100|[from] Grassy Terrain\n|-fieldend|move: Grassy Terrain\n|upkeep\n|turn|15\n|c| SouCarlos|NinjaCaro\n|c| sagazinha|jotao\n|\n|t:|1791064813\n|move|p1a: Suicune|Surf|p2a: Weavile\n|-damage|p2a: Weavile|19/100\n|move|p2a: Weavile|Knock Off|p1a: Suicune\n|-damage|p1a: Suicune|0 fnt\n|-enditem|p1a: Suicune|Weakness Policy|[from] move: Knock Off|[of] p2a: Weavile\n|faint|p1a: Suicune\n|-damage|p2a: Weavile|9/100|[from] item: Life Orb\n|\n|upkeep\n|\n|t:|1791064818\n|switch|p1a: Ninetales|Ninetales-Alola, F|100/100\n|-damage|p1a: Ninetales|76/100|[from] Stealth Rock\n|-weather|Hail|[from] ability: Snow Warning|[of] p1a: Ninetales\n|turn|16\n|c| sagazinha|chegou a info\n|c| sagazinha|auction adiada\n|c| NinjaCaro|oi SouCarlos\n|c| sagazinha|pra sabado q vem\n|c|\u2606memphisdepayy|PAREI\n|c|\u2606memphisdepayy|MANO??\n|c| SouCarlos|Como esta mano\n|c| sagazinha|\u00e9 mafia mano\n|c| sagazinha|da n\n|c| sagazinha|bando de incompetente\n|j| doso749\n|inactive|lctrem has 120 seconds left.\n|\n|t:|1791064850\n|switch|p1a: Corviknight|Corviknight, F, shiny|100/100\n|-damage|p1a: Corviknight|88/100|[from] Stealth Rock\n|-ability|p1a: Corviknight|Pressure\n|move|p2a: Weavile|Knock Off|p1a: Corviknight\n|-damage|p1a: Corviknight|0 fnt\n|-enditem|p1a: Corviknight|Weakness Policy|[from] move: Knock Off|[of] p2a: Weavile\n|faint|p1a: Corviknight\n|-damage|p2a: Weavile|0 fnt|[from] item: Life Orb\n|faint|p2a: Weavile\n|\n|-weather|Hail|[upkeep]\n|upkeep\n|c| doso749|vaiiii memphisdepayy\n|c| doso749|vaiiii memphisdepayy\n|c| AmoMeuPaieMinhaMae|memphisdepayy memphisdepayy memphisde papapay\n|c| doso749|vaiiii memphisdepayy\n|c| doso749|vaiiii memphisdepayy\n|c| doso749|vaiiii memphisdepayy\n|\n|t:|1791064857\n|switch|p2a: Blaziken|Blaziken, F|100/100\n|switch|p1a: Ninetales|Ninetales-Alola, F|76/100\n|-damage|p1a: Ninetales|51/100|[from] Stealth Rock\n|-damage|p2a: Blaziken|88/100|[from] Stealth Rock\n|turn|17\n|c| doso749|vaiiii memphisdepayy\n|c| doso749|vaiiii memphisdepayy\n|c| doso749|vaiiii memphisdepayy\n|c| doso749|vaiiii memphisdepayy\n|c| doso749|vaiiii memphisdepayy\n|c| AmoMeuPaieMinhaMae|memphisdepayy memphisdepayy memphisde papapay\n|\n|t:|1791064862\n|move|p1a: Ninetales|Aurora Veil|p1a: Ninetales\n|-sidestart|p1: lctrem|move: Aurora Veil\n|move|p2a: Blaziken|Swords Dance|p2a: Blaziken\n|-boost|p2a: Blaziken|atk|2\n|\n|-weather|Hail|[upkeep]\n|-damage|p2a: Blaziken|82/100|[from] Hail\n|-ability|p2a: Blaziken|Speed Boost|boost\n|-boost|p2a: Blaziken|spe|1\n|upkeep\n|turn|18\n|c| doso749|vaiiii memphisdepayy\n|\n|t:|1791064865\n|move|p2a: Blaziken|Flare Blitz|p1a: Ninetales\n|-supereffective|p1a: Ninetales\n|-damage|p1a: Ninetales|0 fnt\n|faint|p1a: Ninetales\n|-damage|p2a: Blaziken|63/100|[from] Recoil\n|-damage|p2a: Blaziken|53/100|[from] item: Life Orb\n|\n|-weather|Hail|[upkeep]\n|-damage|p2a: Blaziken|47/100|[from] Hail\n|-ability|p2a: Blaziken|Speed Boost|boost\n|-boost|p2a: Blaziken|spe|1\n|upkeep\n|\n|t:|1791064867\n|switch|p1a: Tyranitar|Tyranitar, F|100/100\n|-damage|p1a: Tyranitar|88/100|[from] Stealth Rock\n|-weather|Sandstorm|[from] ability: Sand Stream|[of] p1a: Tyranitar\n|turn|19\n|\n|t:|1791064869\n|move|p2a: Blaziken|Close Combat|p1a: Tyranitar\n|-supereffective|p1a: Tyranitar\n|-damage|p1a: Tyranitar|0 fnt\n|-unboost|p2a: Blaziken|def|1\n|-unboost|p2a: Blaziken|spd|1\n|faint|p1a: Tyranitar\n|-damage|p2a: Blaziken|37/100|[from] item: Life Orb\n|\n|win|memphisdepayy\n|n|\u2606lctrem|lctrem\n|n|\u2606memphisdepayy|memphisdepayy\n|n| AmoMeuPaieMinhaMae|amomeupaieminhamae\n|n| sagazinha|sagazinha\n|n| GRENINJA_mdm|greninjamdm\n|n| aoi_happy|aoihappy\n|n| Cataclyismo|cataclyismo\n|n| NinjaCaro|ninjacaro\n|n| sussaix|sussaix\n|n| cute vn|cutevn\n|n| SouCarlos|soucarlos\n|n| mipc|mipc\n|n| doso749|doso749\n", "uploadtime": 1791064870, "views": "5", "formatid": "gen8ou", "rating": null, "private": 0, "password": null}