{"id": "smogtours-gen8ou-975739", "format": "[Gen 8] OU", "players": ["sire clod", "Kaboom"], "log": "|inactive|Battle timer is ON: inactive players will automatically lose when time's up.\n|t:|1790889738\n|gametype|singles\n|player|p1|sire clod|#scl5machines2|\n|player|p2|Kaboom|#scl6dynamos2|\n|gen|8\n|tier|[Gen 8] OU\n|rule|HP Percentage Mod: HP is shown in percentages\n|rule|Endless Battle Clause: Forcing endless battles is banned\n|rule|Sleep Clause Mod: Limit one foe put to sleep\n|rule|Species Clause: Limit one of each Pok\u00e9mon\n|rule|OHKO Clause: OHKO moves are banned\n|rule|Evasion Items Clause: Evasion items are banned\n|rule|Evasion Moves Clause: Evasion moves are banned\n|rule|Dynamax Clause: You cannot dynamax\n|clearpoke\n|poke|p1|Tornadus-Therian, M|\n|poke|p1|Ferrothorn, M|\n|poke|p1|Slowbro, M|\n|poke|p1|Tyranitar, M|\n|poke|p1|Nidoking, M|\n|poke|p1|Excadrill, F|\n|poke|p2|Dragonite, M|\n|poke|p2|Zeraora|\n|poke|p2|Clefable, F|\n|poke|p2|Ferrothorn, M|\n|poke|p2|Victini|\n|poke|p2|Heatran, M|\n|teampreview\n|c|\u2606sire clod|hf\n|c|\u2606Kaboom|u2\n|inactive|sire clod has 270 seconds left.\n|inactive|Kaboom has 270 seconds left.\n|inactive|sire clod has 240 seconds left.\n|inactive|Kaboom has 240 seconds left.\n|inactive|Kaboom has 210 seconds left.\n|inactive|sire clod has 210 seconds left.\n|\n|t:|1790889837\n|teamsize|p1|6\n|teamsize|p2|6\n|start\n|switch|p1a: Tyranitar|Tyranitar, M|100/100\n|switch|p2a: Zeraora|Zeraora|100/100\n|-weather|Sandstorm|[from] ability: Sand Stream|[of] p1a: Tyranitar\n|turn|1\n|inactive|sire clod has 270 seconds left.\n|inactive|Kaboom has 270 seconds left.\n|inactive|sire clod has 240 seconds left.\n|inactive|Kaboom has 240 seconds left.\n|\n|t:|1790889899\n|switch|p1a: Ferrothorn|Ferrothorn, M|100/100\n|move|p2a: Zeraora|Knock Off|p1a: Ferrothorn\n|-damage|p1a: Ferrothorn|82/100\n|-damage|p2a: Zeraora|88/100|[from] ability: Iron Barbs|[of] p1a: Ferrothorn\n|-enditem|p1a: Ferrothorn|Leftovers|[from] move: Knock Off|[of] p2a: Zeraora\n|\n|-weather|Sandstorm|[upkeep]\n|-damage|p2a: Zeraora|82/100|[from] Sandstorm\n|upkeep\n|turn|2\n|inactive|Kaboom has 240 seconds left.\n|inactive|Kaboom has 210 seconds left.\n|inactive|Kaboom has 180 seconds left.\n|inactive|Kaboom has 150 seconds left.\n|\n|t:|1790889998\n|switch|p2a: Heatran|Heatran, M|100/100\n|-item|p2a: Heatran|Air Balloon\n|move|p1a: Ferrothorn|Knock Off|p2a: Heatran\n|-damage|p2a: Heatran|81/100\n|-enditem|p2a: Heatran|Air Balloon\n|\n|-weather|Sandstorm|[upkeep]\n|upkeep\n|turn|3\n|\n|t:|1790890008\n|switch|p1a: Slowbro|Slowbro, M|100/100\n|move|p2a: Heatran|Stealth Rock|p1a: Slowbro\n|-sidestart|p1: sire clod|move: Stealth Rock\n|\n|-weather|Sandstorm|[upkeep]\n|-damage|p1a: Slowbro|94/100|[from] Sandstorm\n|upkeep\n|turn|4\n|inactive|Kaboom has 150 seconds left.\n|\n|t:|1790890029\n|move|p2a: Heatran|Toxic|p1a: Slowbro\n|-status|p1a: Slowbro|tox\n|move|p1a: Slowbro|Teleport|p1a: Slowbro\n|\n|t:|1790890031\n|switch|p1a: Nidoking|Nidoking, M|100/100|[from] Teleport\n|-damage|p1a: Nidoking|95/100|[from] Stealth Rock\n|\n|-weather|Sandstorm|[upkeep]\n|upkeep\n|turn|5\n|inactive|Kaboom has 150 seconds left.\n|\n|t:|1790890049\n|switch|p2a: Dragonite|Dragonite, M|100/100\n|move|p1a: Nidoking|Earth Power|p2a: Dragonite\n|-immune|p2a: Dragonite\n|\n|-weather|none\n|upkeep\n|turn|6\n|inactive|Kaboom has 150 seconds left.\n|\n|t:|1790890076\n|switch|p1a: Tornadus|Tornadus-Therian, M|100/100\n|switch|p2a: Victini|Victini|100/100\n|\n|upkeep\n|turn|7\n|inactive|Kaboom has 120 seconds left.\n|\n|t:|1790890103\n|move|p1a: Tornadus|Knock Off|p2a: Victini\n|-supereffective|p2a: Victini\n|-damage|p2a: Victini|63/100\n|-enditem|p2a: Victini|Heavy-Duty Boots|[from] move: Knock Off|[of] p1a: Tornadus\n|move|p2a: Victini|Bolt Strike|p1a: Tornadus\n|-supereffective|p1a: Tornadus\n|-damage|p1a: Tornadus|42/100\n|\n|upkeep\n|turn|8\n|inactive|Kaboom has 120 seconds left.\n|\n|t:|1790890117\n|move|p1a: Tornadus|U-turn|p2a: Victini\n|-damage|p2a: Victini|51/100\n|inactive|sire clod has 240 seconds left.\n|\n|t:|1790890149\n|switch|p1a: Slowbro|Slowbro, M|100/100 tox|[from] U-turn\n|-damage|p1a: Slowbro|88/100 tox|[from] Stealth Rock\n|move|p2a: Victini|Bolt Strike|p1a: Slowbro\n|-supereffective|p1a: Slowbro\n|-damage|p1a: Slowbro|53/100 tox\n|-damage|p2a: Victini|35/100|[from] item: Rocky Helmet|[of] p1a: Slowbro\n|\n|-damage|p1a: Slowbro|46/100 tox|[from] psn\n|upkeep\n|turn|9\n|inactive|Kaboom has 120 seconds left.\n|\n|t:|1790890166\n|move|p2a: Victini|U-turn|p1a: Slowbro\n|-supereffective|p1a: Slowbro\n|-damage|p1a: Slowbro|27/100 tox\n|-damage|p2a: Victini|18/100|[from] item: Rocky Helmet|[of] p1a: Slowbro\n|\n|t:|1790890176\n|switch|p2a: Zeraora|Zeraora|82/100|[from] U-turn\n|move|p1a: Slowbro|Slack Off|p1a: Slowbro\n|-heal|p1a: Slowbro|77/100 tox\n|\n|-damage|p1a: Slowbro|65/100 tox|[from] psn\n|upkeep\n|turn|10\n|inactive|Kaboom has 90 seconds left.\n|\n|t:|1790890208\n|move|p2a: Zeraora|Close Combat|p1a: Slowbro\n|-resisted|p1a: Slowbro\n|-damage|p1a: Slowbro|54/100 tox\n|-unboost|p2a: Zeraora|def|1\n|-unboost|p2a: Zeraora|spd|1\n|-damage|p2a: Zeraora|66/100|[from] item: Rocky Helmet|[of] p1a: Slowbro\n|move|p1a: Slowbro|Teleport|p1a: Slowbro\n|inactive|sire clod has 240 seconds left.\n|inactive|sire clod has 210 seconds left.\n|\n|t:|1790890258\n|switch|p1a: Nidoking|Nidoking, M|95/100|[from] Teleport\n|-damage|p1a: Nidoking|89/100|[from] Stealth Rock\n|\n|upkeep\n|turn|11\n|inactive|Kaboom has 90 seconds left.\n|\n|t:|1790890275\n|move|p2a: Zeraora|Knock Off|p1a: Nidoking\n|-damage|p1a: Nidoking|47/100\n|-enditem|p1a: Nidoking|Life Orb|[from] move: Knock Off|[of] p2a: Zeraora\n|move|p1a: Nidoking|Ice Beam|p2a: Zeraora\n|-damage|p2a: Zeraora|6/100\n|\n|upkeep\n|turn|12\n|inactive|Kaboom has 90 seconds left.\n|\n|t:|1790890308\n|switch|p2a: Victini|Victini|18/100\n|move|p1a: Nidoking|Earth Power|p2a: Victini\n|-supereffective|p2a: Victini\n|-damage|p2a: Victini|0 fnt\n|faint|p2a: Victini\n|\n|upkeep\n|\n|t:|1790890314\n|switch|p2a: Dragonite|Dragonite, M|100/100\n|turn|13\n|inactive|Kaboom has 60 seconds left.\n|inactive|sire clod has 180 seconds left.\n|inactive|sire clod has 150 seconds left.\n|\n|t:|1790890381\n|move|p1a: Nidoking|Ice Beam|p2a: Dragonite\n|-supereffective|p2a: Dragonite\n|-damage|p2a: Dragonite|45/100\n|move|p2a: Dragonite|Dragon Dance|p2a: Dragonite\n|-boost|p2a: Dragonite|atk|1\n|-boost|p2a: Dragonite|spe|1\n|\n|upkeep\n|turn|14\n|inactive|sire clod has 150 seconds left.\n|\n|t:|1790890402\n|switch|p1a: Tornadus|Tornadus-Therian, M|76/100\n|move|p2a: Dragonite|Roost|p2a: Dragonite\n|-heal|p2a: Dragonite|95/100\n|-singleturn|p2a: Dragonite|move: Roost\n|\n|upkeep\n|turn|15\n|\n|t:|1790890414\n|move|p2a: Dragonite|Dragon Dance|p2a: Dragonite\n|-boost|p2a: Dragonite|atk|1\n|-boost|p2a: Dragonite|spe|1\n|move|p1a: Tornadus|Toxic|p2a: Dragonite\n|-status|p2a: Dragonite|tox\n|\n|-damage|p2a: Dragonite|89/100 tox|[from] psn\n|upkeep\n|turn|16\n|inactive|sire clod has 150 seconds left.\n|inactive|Kaboom has 30 seconds left.\n|\n|t:|1790890439\n|move|p2a: Dragonite|Earthquake|p1a: Tornadus\n|-immune|p1a: Tornadus\n|move|p1a: Tornadus|U-turn|p2a: Dragonite\n|-resisted|p2a: Dragonite\n|-damage|p2a: Dragonite|82/100 tox\n|inactive|sire clod has 120 seconds left.\n|inactive|sire clod has 90 seconds left.\n|\n|t:|1790890504\n|switch|p1a: Slowbro|Slowbro, M|87/100 tox|[from] U-turn\n|-damage|p1a: Slowbro|75/100 tox|[from] Stealth Rock\n|\n|-damage|p2a: Dragonite|70/100 tox|[from] psn\n|-damage|p1a: Slowbro|69/100 tox|[from] psn\n|upkeep\n|turn|17\n|\n|t:|1790890512\n|move|p2a: Dragonite|Dual Wingbeat|p1a: Slowbro\n|-damage|p1a: Slowbro|41/100 tox\n|-damage|p2a: Dragonite|53/100 tox|[from] item: Rocky Helmet|[of] p1a: Slowbro\n|-damage|p1a: Slowbro|15/100 tox\n|-damage|p2a: Dragonite|37/100 tox|[from] item: Rocky Helmet|[of] p1a: Slowbro\n|-hitcount|p1a: Slowbro|2\n|move|p1a: Slowbro|Ice Beam|p2a: Dragonite\n|-supereffective|p2a: Dragonite\n|-damage|p2a: Dragonite|0 fnt\n|faint|p2a: Dragonite\n|\n|-damage|p1a: Slowbro|3/100 tox|[from] psn\n|upkeep\n|\n|t:|1790890526\n|switch|p2a: Clefable|Clefable, F|100/100\n|turn|18\n|\n|t:|1790890530\n|move|p2a: Clefable|Calm Mind|p2a: Clefable\n|-boost|p2a: Clefable|spa|1\n|-boost|p2a: Clefable|spd|1\n|move|p1a: Slowbro|Teleport|p1a: Slowbro\n|inactive|sire clod has 90 seconds left.\n|\n|t:|1790890570\n|switch|p1a: Nidoking|Nidoking, M|47/100|[from] Teleport\n|-damage|p1a: Nidoking|41/100|[from] Stealth Rock\n|\n|upkeep\n|turn|19\n|\n|t:|1790890583\n|move|p1a: Nidoking|Sludge Wave|p2a: Clefable\n|-supereffective|p2a: Clefable\n|-damage|p2a: Clefable|34/100\n|move|p2a: Clefable|Flamethrower|p1a: Nidoking\n|-damage|p1a: Nidoking|0 fnt\n|faint|p1a: Nidoking\n|\n|upkeep\n|\n|t:|1790890599\n|switch|p1a: Excadrill|Excadrill, F|100/100\n|-damage|p1a: Excadrill|97/100|[from] Stealth Rock\n|turn|20\n|\n|t:|1790890601\n|switch|p2a: Ferrothorn|Ferrothorn, M|100/100\n|move|p1a: Excadrill|Earthquake|p2a: Ferrothorn\n|-damage|p2a: Ferrothorn|69/100\n|\n|-heal|p1a: Excadrill|100/100|[from] item: Leftovers\n|-heal|p2a: Ferrothorn|75/100|[from] item: Leftovers\n|upkeep\n|turn|21\n|inactive|Kaboom has 60 seconds left.\n|\n|t:|1790890618\n|switch|p1a: Tyranitar|Tyranitar, M|100/100\n|-damage|p1a: Tyranitar|88/100|[from] Stealth Rock\n|-weather|Sandstorm|[from] ability: Sand Stream|[of] p1a: Tyranitar\n|move|p2a: Ferrothorn|Leech Seed|p1a: Tyranitar\n|-start|p1a: Tyranitar|move: Leech Seed\n|\n|-weather|Sandstorm|[upkeep]\n|-heal|p1a: Tyranitar|94/100|[from] item: Leftovers\n|-heal|p2a: Ferrothorn|81/100|[from] item: Leftovers\n|-damage|p1a: Tyranitar|82/100|[from] Leech Seed|[of] p2a: Ferrothorn\n|-heal|p2a: Ferrothorn|95/100|[silent]\n|upkeep\n|turn|22\n|inactive|Kaboom has 60 seconds left.\n|inactive|sire clod has 60 seconds left.\n|\n|t:|1790890643\n|switch|p2a: Heatran|Heatran, M|81/100\n|move|p1a: Tyranitar|Flamethrower|p2a: Heatran\n|-start|p2a: Heatran|ability: Flash Fire\n|\n|-weather|Sandstorm|[upkeep]\n|-heal|p1a: Tyranitar|88/100|[from] item: Leftovers\n|-damage|p1a: Tyranitar|76/100|[from] Leech Seed|[of] p2a: Heatran\n|-heal|p2a: Heatran|94/100|[silent]\n|upkeep\n|turn|23\n|\n|t:|1790890662\n|move|p2a: Heatran|Magma Storm|p1a: Tyranitar\n|-resisted|p1a: Tyranitar\n|-damage|p1a: Tyranitar|63/100\n|-activate|p1a: Tyranitar|move: Magma Storm|[of] p2a: Heatran\n|move|p1a: Tyranitar|Earthquake|p2a: Heatran\n|-supereffective|p2a: Heatran\n|-damage|p2a: Heatran|0 fnt\n|faint|p2a: Heatran\n|\n|-weather|Sandstorm|[upkeep]\n|-heal|p1a: Tyranitar|69/100|[from] item: Leftovers\n|-end|p1a: Tyranitar|Magma Storm|[partiallytrapped]|[silent]\n|upkeep\n|inactive|Kaboom has 30 seconds left.\n|\n|t:|1790890687\n|switch|p2a: Zeraora|Zeraora|6/100\n|turn|24\n|inactive|Kaboom has 30 seconds left.\n|inactive|Kaboom has 20 seconds left.\n|inactive|sire clod has 60 seconds left.\n|inactive|Kaboom has 15 seconds left.\n|\n|t:|1790890739\n|switch|p2a: Clefable|Clefable, F|34/100\n|move|p1a: Tyranitar|Flamethrower|p2a: Clefable\n|-damage|p2a: Clefable|14/100\n|\n|-weather|Sandstorm|[upkeep]\n|-heal|p1a: Tyranitar|75/100|[from] item: Leftovers\n|-damage|p1a: Tyranitar|63/100|[from] Leech Seed|[of] p2a: Clefable\n|-heal|p2a: Clefable|27/100|[silent]\n|upkeep\n|turn|25\n|inactive|Kaboom has 25 seconds left this turn.\n|inactive|Kaboom has 20 seconds left.\n|inactive|Kaboom has 15 seconds left.\n|inactive|sire clod has 30 seconds left.\n|inactive|Kaboom has 10 seconds left.\n|\n|t:|1790890755\n|switch|p2a: Ferrothorn|Ferrothorn, M|95/100\n|switch|p1a: Excadrill|Excadrill, F|100/100\n|-damage|p1a: Excadrill|97/100|[from] Stealth Rock\n|\n|-weather|none\n|-heal|p1a: Excadrill|100/100|[from] item: Leftovers\n|-heal|p2a: Ferrothorn|100/100|[from] item: Leftovers\n|upkeep\n|turn|26\n|inactive|Kaboom has 20 seconds left this turn.\n|inactive|Kaboom has 15 seconds left.\n|inactive|sire clod has 30 seconds left.\n|inactive|Kaboom has 10 seconds left.\n|\n|t:|1790890770\n|switch|p1a: Ferrothorn|Ferrothorn, M|82/100\n|-damage|p1a: Ferrothorn|76/100|[from] Stealth Rock\n|move|p2a: Ferrothorn|Gyro Ball|p1a: Ferrothorn\n|-resisted|p1a: Ferrothorn\n|-damage|p1a: Ferrothorn|71/100\n|-damage|p2a: Ferrothorn|88/100|[from] ability: Iron Barbs|[of] p1a: Ferrothorn\n|\n|-heal|p2a: Ferrothorn|94/100|[from] item: Leftovers\n|upkeep\n|turn|27\n|inactive|Kaboom has 20 seconds left this turn.\n|inactive|sire clod has 30 seconds left.\n|inactive|Kaboom has 15 seconds left.\n|\n|t:|1790890780\n|switch|p1a: Tyranitar|Tyranitar, M|63/100\n|-damage|p1a: Tyranitar|51/100|[from] Stealth Rock\n|-weather|Sandstorm|[from] ability: Sand Stream|[of] p1a: Tyranitar\n|switch|p2a: Zeraora|Zeraora|6/100\n|\n|-weather|Sandstorm|[upkeep]\n|-damage|p2a: Zeraora|0 fnt|[from] Sandstorm\n|faint|p2a: Zeraora\n|-heal|p1a: Tyranitar|57/100|[from] item: Leftovers\n|upkeep\n|inactive|Kaboom has 20 seconds left this turn.\n|\n|t:|1790890783\n|switch|p2a: Clefable|Clefable, F|27/100\n|turn|28\n|inactive|Kaboom has 30 seconds left this turn.\n|\n|t:|1790890798\n|switch|p1a: Excadrill|Excadrill, F|100/100\n|-damage|p1a: Excadrill|97/100|[from] Stealth Rock\n|move|p2a: Clefable|Soft-Boiled|p2a: Clefable\n|-heal|p2a: Clefable|77/100\n|\n|-weather|Sandstorm|[upkeep]\n|-heal|p1a: Excadrill|100/100|[from] item: Leftovers\n|upkeep\n|turn|29\n|\n|t:|1790890802\n|switch|p2a: Ferrothorn|Ferrothorn, M|94/100\n|move|p1a: Excadrill|Swords Dance|p1a: Excadrill\n|-boost|p1a: Excadrill|atk|2\n|\n|-weather|Sandstorm|[upkeep]\n|-heal|p2a: Ferrothorn|100/100|[from] item: Leftovers\n|upkeep\n|turn|30\n|\n|t:|1790890813\n|move|p1a: Excadrill|Swords Dance|p1a: Excadrill\n|-boost|p1a: Excadrill|atk|2\n|move|p2a: Ferrothorn|Leech Seed|p1a: Excadrill\n|-start|p1a: Excadrill|move: Leech Seed\n|\n|-weather|Sandstorm|[upkeep]\n|-damage|p1a: Excadrill|88/100|[from] Leech Seed|[of] p2a: Ferrothorn\n|upkeep\n|turn|31\n|\n|t:|1790890825\n|move|p1a: Excadrill|Swords Dance|p1a: Excadrill\n|-boost|p1a: Excadrill|atk|2\n|move|p2a: Ferrothorn|Gyro Ball|p1a: Excadrill\n|-resisted|p1a: Excadrill\n|-damage|p1a: Excadrill|51/100\n|\n|-weather|none\n|-heal|p1a: Excadrill|58/100|[from] item: Leftovers\n|-damage|p1a: Excadrill|45/100|[from] Leech Seed|[of] p2a: Ferrothorn\n|upkeep\n|turn|32\n|inactive|Kaboom has 60 seconds left.\n|\n|t:|1790890831\n|move|p1a: Excadrill|Earthquake|p2a: Ferrothorn\n|-damage|p2a: Ferrothorn|0 fnt\n|faint|p2a: Ferrothorn\n|\n|-heal|p1a: Excadrill|51/100|[from] item: Leftovers\n|upkeep\n|c|\u2606Kaboom|gg\n|-message|Kaboom forfeited.\n|\n|win|sire clod\n|c|\u2606sire clod|gg\n|player|p2|\n", "uploadtime": 1790890834, "views": "94", "formatid": "gen8ou", "rating": null, "private": 0, "password": null}