{"id": "smogtours-gen8ou-974614", "format": "[Gen 8] OU", "players": ["amasawa ichiko", "justamente"], "log": "|inactive|Battle timer is ON: inactive players will automatically lose when time's up.\n|t:|1790450565\n|gametype|singles\n|player|p1|amasawa ichiko|unknownf|\n|player|p2|justamente|zinnia|\n|gen|8\n|tier|[Gen 8] OU\n|rule|HP Percentage Mod: HP is shown in percentages\n|rule|Endless Battle Clause: Forcing endless battles is banned\n|rule|Sleep Clause Mod: Limit one foe put to sleep\n|rule|Species Clause: Limit one of each Pok\u00e9mon\n|rule|OHKO Clause: OHKO moves are banned\n|rule|Evasion Items Clause: Evasion items are banned\n|rule|Evasion Moves Clause: Evasion moves are banned\n|rule|Dynamax Clause: You cannot dynamax\n|clearpoke\n|poke|p1|Slowking-Galar, M|\n|poke|p1|Rotom-Wash|\n|poke|p1|Dragonite, F|\n|poke|p1|Ferrothorn, F|\n|poke|p1|Weavile, M|\n|poke|p1|Nidoking, M|\n|poke|p2|Rotom-Wash|\n|poke|p2|Blacephalon|\n|poke|p2|Buzzwole|\n|poke|p2|Landorus-Therian, M|\n|poke|p2|Heatran, M|\n|poke|p2|Dragapult, M|\n|teampreview\n|inactive|justamente also wants the timer to be on.\n|c|\u2606justamente|hf\n|c|\u2606amasawa ichiko|u2\n|inactive|amasawa ichiko has 270 seconds left.\n|inactive|justamente has 270 seconds left.\n|inactive|amasawa ichiko has 240 seconds left.\n|inactive|justamente has 240 seconds left.\n|\n|t:|1790450643\n|teamsize|p1|6\n|teamsize|p2|6\n|start\n|switch|p1a: Weavile|Weavile, M|100/100\n|switch|p2a: Rotom|Rotom-Wash|100/100\n|-ability|p1a: Weavile|Pressure\n|turn|1\n|\n|t:|1790450667\n|switch|p1a: Slowking|Slowking-Galar, M|100/100\n|move|p2a: Rotom|Thunder Wave|p1a: Slowking|[miss]\n|-miss|p2a: Rotom|p1a: Slowking\n|\n|upkeep\n|turn|2\n|inactive|amasawa ichiko has 270 seconds left.\n|\n|t:|1790450691\n|move|p2a: Rotom|Volt Switch|p1a: Slowking\n|-damage|p1a: Slowking|89/100\n|\n|t:|1790450700\n|switch|p2a: Landorus|Landorus-Therian, M|100/100|[from] Volt Switch\n|-ability|p2a: Landorus|Intimidate|boost\n|-unboost|p1a: Slowking|atk|1\n|move|p1a: Slowking|Future Sight|p2a: Landorus\n|-start|p1a: Slowking|move: Future Sight\n|\n|upkeep\n|turn|3\n|inactive|amasawa ichiko has 270 seconds left.\n|c|\u2606justamente|gol de inglaterra\n|\n|t:|1790450725\n|switch|p1a: Rotom|Rotom-Wash|100/100\n|move|p2a: Landorus|Knock Off|p1a: Rotom\n|-damage|p1a: Rotom|68/100\n|-enditem|p1a: Rotom|Leftovers|[from] move: Knock Off|[of] p2a: Landorus\n|\n|upkeep\n|turn|4\n|c|\u2606justamente|no puedo mas\n|c|+Navi WAJ|inglaterra sounds like england\n|inactive|justamente has 270 seconds left.\n|c|\u2606justamente|thats right\n|\n|t:|1790450763\n|move|p2a: Landorus|U-turn|p1a: Rotom\n|-damage|p1a: Rotom|45/100\n|\n|t:|1790450767\n|switch|p2a: Rotom|Rotom-Wash|100/100|[from] U-turn\n|move|p1a: Rotom|Hydro Pump|p2a: Rotom\n|-resisted|p2a: Rotom\n|-damage|p2a: Rotom|84/100\n|\n|-end|p2a: Rotom|move: Future Sight\n|-damage|p2a: Rotom|49/100\n|-heal|p2a: Rotom|55/100|[from] item: Leftovers\n|upkeep\n|turn|5\n|c|+Navi WAJ|we gon smoke spain its calm\n|inactive|justamente has 270 seconds left.\n|c|+Navi WAJ|lamine yamal is washed begging for the balondor like its not kanes\n|inactive|amasawa ichiko has 240 seconds left.\n|c|\u2606justamente|he scored just 2 minutes into the game...\n|c|+Navi WAJ|everyone can get lucky \n|\n|t:|1790450824\n|move|p2a: Rotom|Volt Switch|p1a: Rotom\n|-damage|p1a: Rotom|27/100\n|\n|t:|1790450827\n|switch|p2a: Landorus|Landorus-Therian, M|100/100|[from] Volt Switch\n|-ability|p2a: Landorus|Intimidate|boost\n|-unboost|p1a: Rotom|atk|1\n|move|p1a: Rotom|Volt Switch|p2a: Landorus\n|-immune|p2a: Landorus\n|\n|upkeep\n|turn|6\n|inactive|justamente has 240 seconds left.\n|\n|t:|1790450862\n|move|p2a: Landorus|U-turn|p1a: Rotom\n|-damage|p1a: Rotom|3/100\n|\n|t:|1790450869\n|switch|p2a: Rotom|Rotom-Wash|55/100|[from] U-turn\n|move|p1a: Rotom|Pain Split|p2a: Rotom\n|-sethp|p2a: Rotom|29/100|[from] move: Pain Split|[silent]\n|-sethp|p1a: Rotom|29/100|[from] move: Pain Split\n|\n|-heal|p2a: Rotom|35/100|[from] item: Leftovers\n|upkeep\n|turn|7\n|inactive|amasawa ichiko has 210 seconds left.\n|\n|t:|1790450901\n|switch|p1a: Slowking|Slowking-Galar, M|100/100\n|move|p2a: Rotom|Hydro Pump|p1a: Slowking|[miss]\n|-miss|p2a: Rotom|p1a: Slowking\n|\n|-heal|p2a: Rotom|41/100|[from] item: Leftovers\n|upkeep\n|turn|8\n|inactive|amasawa ichiko has 210 seconds left.\n|inactive|justamente has 210 seconds left.\n|\n|t:|1790450937\n|move|p2a: Rotom|Volt Switch|p1a: Slowking\n|-damage|p1a: Slowking|89/100\n|\n|t:|1790450938\n|switch|p2a: Landorus|Landorus-Therian, M|100/100|[from] Volt Switch\n|-ability|p2a: Landorus|Intimidate|boost\n|-unboost|p1a: Slowking|atk|1\n|move|p1a: Slowking|Sludge Bomb|p2a: Landorus\n|-resisted|p2a: Landorus\n|-damage|p2a: Landorus|82/100\n|\n|-heal|p2a: Landorus|88/100|[from] item: Leftovers\n|upkeep\n|turn|9\n|inactive|justamente has 210 seconds left.\n|inactive|amasawa ichiko has 180 seconds left.\n|\n|t:|1790450986\n|move|p2a: Landorus|U-turn|p1a: Slowking\n|-damage|p1a: Slowking|70/100\n|\n|t:|1790450989\n|switch|p2a: Dragapult|Dragapult, M|100/100|[from] U-turn\n|move|p1a: Slowking|Ice Beam|p2a: Dragapult\n|-supereffective|p2a: Dragapult\n|-damage|p2a: Dragapult|39/100\n|\n|upkeep\n|turn|10\n|inactive|justamente has 210 seconds left.\n|inactive|amasawa ichiko has 150 seconds left.\n|\n|t:|1790451034\n|move|p2a: Dragapult|U-turn|p1a: Slowking\n|-damage|p1a: Slowking|57/100\n|\n|t:|1790451037\n|switch|p2a: Heatran|Heatran, M|100/100|[from] U-turn\n|move|p1a: Slowking|Ice Beam|p2a: Heatran\n|-resisted|p2a: Heatran\n|-damage|p2a: Heatran|97/100\n|\n|-heal|p2a: Heatran|100/100|[from] item: Leftovers\n|upkeep\n|turn|11\n|inactive|amasawa ichiko has 150 seconds left.\n|inactive|justamente has 210 seconds left.\n|c|+Elian|Pablo\n|inactive|amasawa ichiko has 120 seconds left.\n|c|\u2606justamente|Elian\n|c|+Elian|score?\n|c|\u2606justamente|1-0 gano\n|c|+Elian|asi como el gol de Gordon\n|\n|t:|1790451097\n|switch|p1a: Nidoking|Nidoking, M|100/100\n|move|p2a: Heatran|Magma Storm|p1a: Nidoking\n|-damage|p1a: Nidoking|37/100\n|-activate|p1a: Nidoking|move: Magma Storm|[of] p2a: Heatran\n|\n|-damage|p1a: Nidoking|25/100|[from] move: Magma Storm|[partiallytrapped]\n|upkeep\n|turn|12\n|c|\u2606justamente|ese ha sido el 1-1\n|c|+Elian|casi\n|c|\u2606justamente|y ha metido kane el 2-1\n|inactive|justamente has 210 seconds left.\n|c|+Elian|LMAO\n|c|\u2606justamente|asi q me matare\n|c|+Elian|pero en la importante no gana\n|inactive|amasawa ichiko has 90 seconds left.\n|c|\u2606justamente|efectivamente \n|inactive|amasawa ichiko has 60 seconds left.\n|\n|t:|1790451149\n|switch|p2a: Rotom|Rotom-Wash|41/100\n|move|p1a: Nidoking|Sludge Wave|p2a: Rotom\n|-damage|p2a: Rotom|0 fnt\n|faint|p2a: Rotom\n|\n|-end|p1a: Nidoking|Magma Storm|[partiallytrapped]|[silent]\n|upkeep\n|\n|t:|1790451164\n|switch|p2a: Dragapult|Dragapult, M|39/100\n|turn|13\n|inactive|amasawa ichiko has 60 seconds left.\n|c|+Navi WAJ|harry kane \n|c|+Navi WAJ|told u\n|c|+Navi WAJ|his balon dor bro\n|c|+Navi WAJ|we are top 1\n|\n|t:|1790451192\n|switch|p1a: Ferrothorn|Ferrothorn, F|100/100\n|move|p2a: Dragapult|Shadow Ball|p1a: Ferrothorn\n|-damage|p1a: Ferrothorn|52/100\n|\n|upkeep\n|turn|14\n|inactive|justamente has 210 seconds left.\n|c|+Batm3n|haaland to barca here we go\n|\n|t:|1790451213\n|switch|p2a: Heatran|Heatran, M|100/100\n|move|p1a: Ferrothorn|Stealth Rock|p2a: Heatran\n|-sidestart|p2: justamente|move: Stealth Rock\n|\n|upkeep\n|turn|15\n|c|+Navi WAJ|acting as if barca have money\n|c|\u2606justamente|when city gets relegated they wont need money \n|inactive|amasawa ichiko has 30 seconds left.\n|c|+Elian|that's true\n|inactive|amasawa ichiko has 20 seconds left.\n|\n|t:|1790451245\n|switch|p1a: Rotom|Rotom-Wash|29/100\n|move|p2a: Heatran|Magma Storm|p1a: Rotom\n|-resisted|p1a: Rotom\n|-damage|p1a: Rotom|12/100\n|-activate|p1a: Rotom|move: Magma Storm|[of] p2a: Heatran\n|\n|-damage|p1a: Rotom|0 fnt|[from] move: Magma Storm|[partiallytrapped]\n|faint|p1a: Rotom\n|upkeep\n|inactive|amasawa ichiko has 25 seconds left this turn.\n|c|+Elian|but Haaland will play with his bestie\n|inactive|amasawa ichiko has 20 seconds left.\n|\n|t:|1790451252\n|switch|p1a: Nidoking|Nidoking, M|25/100\n|turn|16\n|inactive|amasawa ichiko has 30 seconds left this turn.\n|c|+Elian|(gabriel)\n|\n|t:|1790451257\n|move|p1a: Nidoking|Earth Power|p2a: Heatran\n|-supereffective|p2a: Heatran\n|-damage|p2a: Heatran|0 fnt\n|faint|p2a: Heatran\n|\n|upkeep\n|\n|t:|1790451261\n|switch|p2a: Landorus|Landorus-Therian, M|88/100\n|-damage|p2a: Landorus|75/100|[from] Stealth Rock\n|-ability|p2a: Landorus|Intimidate|boost\n|-unboost|p1a: Nidoking|atk|1\n|turn|17\n|c|+Navi WAJ|haalands wages would make barca poorer than man city in league 2\n|inactive|amasawa ichiko has 30 seconds left.\n|\n|t:|1790451275\n|move|p2a: Landorus|Knock Off|p1a: Nidoking\n|-damage|p1a: Nidoking|0 fnt\n|-enditem|p1a: Nidoking|Life Orb|[from] move: Knock Off|[of] p2a: Landorus\n|faint|p1a: Nidoking\n|\n|-heal|p2a: Landorus|81/100|[from] item: Leftovers\n|upkeep\n|c|+Batm3n|barca has money now \n|inactive|amasawa ichiko has 30 seconds left.\n|\n|t:|1790451287\n|switch|p1a: Weavile|Weavile, M|100/100\n|-ability|p1a: Weavile|Pressure\n|turn|18\n|c|+Batm3n|and they get him cheaper than market val \n|c|+Navi WAJ|saying barca have money is like saying i have a girlfriend\n|inactive|amasawa ichiko has 30 seconds left.\n|c|+Navi WAJ|we both know this isnt true\n|c|+Elian|do you?\n|c|\u2606justamente|facts \n|inactive|amasawa ichiko has 20 seconds left.\n|c|+Batm3n|barca has money bro its not like 4 years ago\n|c|+Navi WAJ|no ofc not lmao\n|inactive|amasawa ichiko has 15 seconds left.\n|\n|t:|1790451311\n|switch|p2a: Buzzwole|Buzzwole|100/100\n|-damage|p2a: Buzzwole|88/100|[from] Stealth Rock\n|move|p1a: Weavile|Knock Off|p2a: Buzzwole\n|-resisted|p2a: Buzzwole\n|-damage|p2a: Buzzwole|69/100\n|-damage|p1a: Weavile|84/100|[from] item: Rocky Helmet|[of] p2a: Buzzwole\n|-enditem|p2a: Buzzwole|Rocky Helmet|[from] move: Knock Off|[of] p1a: Weavile\n|\n|upkeep\n|turn|19\n|inactive|amasawa ichiko has 25 seconds left this turn.\n|inactive|amasawa ichiko has 20 seconds left.\n|inactive|amasawa ichiko has 15 seconds left.\n|\n|t:|1790451327\n|switch|p1a: Slowking|Slowking-Galar, M|91/100\n|switch|p2a: Landorus|Landorus-Therian, M|81/100\n|-damage|p2a: Landorus|69/100|[from] Stealth Rock\n|-ability|p2a: Landorus|Intimidate|boost\n|-unboost|p1a: Slowking|atk|1\n|\n|-heal|p2a: Landorus|75/100|[from] item: Leftovers\n|upkeep\n|turn|20\n|inactive|amasawa ichiko has 25 seconds left this turn.\n|inactive|amasawa ichiko has 20 seconds left.\n|inactive|amasawa ichiko has 15 seconds left.\n|\n|t:|1790451341\n|move|p2a: Landorus|Defog|p1a: Slowking\n|-unboost|p1a: Slowking|evasion|1\n|-sideend|p2: justamente|Stealth Rock|[from] move: Defog|[of] p2a: Landorus\n|move|p1a: Slowking|Ice Beam|p2a: Landorus\n|-supereffective|p2a: Landorus\n|-damage|p2a: Landorus|0 fnt\n|faint|p2a: Landorus\n|\n|upkeep\n|\n|t:|1790451345\n|switch|p2a: Blacephalon|Blacephalon|100/100\n|turn|21\n|inactive|amasawa ichiko has 30 seconds left this turn.\n|inactive|amasawa ichiko has 20 seconds left.\n|inactive|amasawa ichiko has 15 seconds left.\n|\n|t:|1790451361\n|switch|p1a: Ferrothorn|Ferrothorn, F|52/100\n|move|p2a: Blacephalon|Shadow Ball|p1a: Ferrothorn\n|-damage|p1a: Ferrothorn|0 fnt\n|faint|p1a: Ferrothorn\n|-ability|p2a: Blacephalon|Beast Boost|boost\n|-boost|p2a: Blacephalon|spa|1\n|\n|upkeep\n|inactive|amasawa ichiko has 20 seconds left this turn.\n|inactive|amasawa ichiko has 15 seconds left.\n|inactive|amasawa ichiko has 10 seconds left.\n|\n|t:|1790451374\n|switch|p1a: Weavile|Weavile, M|84/100\n|-ability|p1a: Weavile|Pressure\n|turn|22\n|inactive|amasawa ichiko has 20 seconds left this turn.\n|inactive|amasawa ichiko has 15 seconds left.\n|inactive|justamente has 240 seconds left.\n|\n|t:|1790451423\n|move|p1a: Weavile|Triple Axel|p2a: Blacephalon\n|-resisted|p2a: Blacephalon\n|-damage|p2a: Blacephalon|81/100\n|-resisted|p2a: Blacephalon\n|-damage|p2a: Blacephalon|42/100\n|-resisted|p2a: Blacephalon\n|-damage|p2a: Blacephalon|0 fnt\n|faint|p2a: Blacephalon\n|-hitcount|p2: Blacephalon|3\n|\n|upkeep\n|\n|t:|1790451428\n|switch|p2a: Buzzwole|Buzzwole|69/100\n|turn|23\n|inactive|amasawa ichiko has 30 seconds left this turn.\n|inactive|amasawa ichiko has 20 seconds left.\n|inactive|amasawa ichiko has 15 seconds left.\n|inactive|amasawa ichiko has 10 seconds left.\n|\n|t:|1790451448\n|switch|p2a: Dragapult|Dragapult, M|39/100\n|move|p1a: Weavile|Triple Axel|p2a: Dragapult\n|-supereffective|p2a: Dragapult\n|-damage|p2a: Dragapult|0 fnt\n|faint|p2a: Dragapult\n|-hitcount|p2: Dragapult|1\n|\n|upkeep\n|c|\u2606justamente|gg\n|-message|justamente forfeited.\n|\n|win|amasawa ichiko\n|c|\u2606amasawa ichiko|gg\n|player|p2|\n", "uploadtime": 1790451455, "views": "37", "formatid": "gen8ou", "rating": null, "private": 0, "password": null}