{"id": "smogtours-gen8ou-975084", "format": "[Gen 8] OU", "players": ["Clem", "Braga S2"], "log": "|inactive|Battle timer is ON: inactive players will automatically lose when time's up.\n|t:|1790535044\n|gametype|singles\n|player|p1|Clem|#clementine3|\n|player|p2|Braga S2|skierf|\n|gen|8\n|tier|[Gen 8] OU\n|rule|HP Percentage Mod: HP is shown in percentages\n|rule|Endless Battle Clause: Forcing endless battles is banned\n|rule|Sleep Clause Mod: Limit one foe put to sleep\n|rule|Species Clause: Limit one of each Pok\u00e9mon\n|rule|OHKO Clause: OHKO moves are banned\n|rule|Evasion Items Clause: Evasion items are banned\n|rule|Evasion Moves Clause: Evasion moves are banned\n|rule|Dynamax Clause: You cannot dynamax\n|clearpoke\n|poke|p1|Melmetal|\n|poke|p1|Weavile, M|\n|poke|p1|Landorus-Therian, M|\n|poke|p1|Zapdos-Galar|\n|poke|p1|Toxapex, F|\n|poke|p1|Garchomp, F|\n|poke|p2|Garchomp, M|\n|poke|p2|Blaziken, M|\n|poke|p2|Heatran, F|\n|poke|p2|Dragapult, M|\n|poke|p2|Ninetales-Alola, F|\n|poke|p2|Arctozolt|\n|teampreview\n|c|\u2606Braga S2|hf\n|c|\u2606Clem|hf\n|inactive|Braga S2 has 270 seconds left.\n|inactive|Braga S2 has 240 seconds left.\n|\n|t:|1790535104\n|teamsize|p1|6\n|teamsize|p2|6\n|start\n|switch|p1a: total shelter|Toxapex, F|100/100\n|switch|p2a: Ninetales|Ninetales-Alola, F|100/100\n|-weather|Hail|[from] ability: Snow Warning|[of] p2a: Ninetales\n|turn|1\n|\n|t:|1790535114\n|move|p2a: Ninetales|Aurora Veil|p2a: Ninetales\n|-sidestart|p2: Braga S2|move: Aurora Veil\n|move|p1a: total shelter|Toxic Spikes|p2a: Ninetales\n|-sidestart|p2: Braga S2|move: Toxic Spikes\n|\n|-weather|Hail|[upkeep]\n|-damage|p1a: total shelter|95/100|[from] Hail\n|upkeep\n|turn|2\n|\n|t:|1790535124\n|switch|p1a: full metal wall|Melmetal|100/100\n|move|p2a: Ninetales|Hypnosis|p1a: full metal wall\n|-status|p1a: full metal wall|slp|[from] move: Hypnosis\n|\n|-weather|Hail|[upkeep]\n|-damage|p1a: full metal wall|94/100 slp|[from] Hail\n|-heal|p1a: full metal wall|100/100 slp|[from] item: Leftovers\n|upkeep\n|turn|3\n|\n|t:|1790535135\n|switch|p2a: Heatran|Heatran, F|100/100\n|-item|p2a: Heatran|Air Balloon\n|switch|p1a: abundant harvest|Landorus-Therian, M|100/100\n|-ability|p1a: abundant harvest|Intimidate|boost\n|-unboost|p2a: Heatran|atk|1\n|\n|-weather|Hail|[upkeep]\n|-damage|p2a: Heatran|94/100|[from] Hail\n|-damage|p1a: abundant harvest|94/100|[from] Hail\n|-heal|p1a: abundant harvest|100/100|[from] item: Leftovers\n|upkeep\n|turn|4\n|\n|t:|1790535147\n|move|p2a: Heatran|Stealth Rock|p1a: abundant harvest\n|-sidestart|p1: Clem|move: Stealth Rock\n|move|p1a: abundant harvest|Knock Off|p2a: Heatran\n|-crit|p2a: Heatran\n|-damage|p2a: Heatran|58/100\n|-enditem|p2a: Heatran|Air Balloon\n|\n|-weather|Hail|[upkeep]\n|-damage|p2a: Heatran|52/100|[from] Hail\n|-damage|p1a: abundant harvest|94/100|[from] Hail\n|-heal|p1a: abundant harvest|100/100|[from] item: Leftovers\n|upkeep\n|turn|5\n|\n|t:|1790535157\n|switch|p2a: Garchomp|Garchomp, M|100/100\n|-status|p2a: Garchomp|psn\n|move|p1a: abundant harvest|Stealth Rock|p2a: Garchomp\n|-sidestart|p2: Braga S2|move: Stealth Rock\n|\n|-weather|Hail|[upkeep]\n|-damage|p2a: Garchomp|94/100 psn|[from] Hail\n|-damage|p1a: abundant harvest|94/100|[from] Hail\n|-heal|p1a: abundant harvest|100/100|[from] item: Leftovers\n|-damage|p2a: Garchomp|82/100 psn|[from] psn\n|-sideend|p2: Braga S2|move: Aurora Veil\n|upkeep\n|turn|6\n|\n|t:|1790535173\n|move|p2a: Garchomp|Outrage|p1a: abundant harvest\n|-damage|p1a: abundant harvest|41/100\n|move|p1a: abundant harvest|Earthquake|p2a: Garchomp\n|-damage|p2a: Garchomp|39/100 psn\n|\n|-weather|Hail|[upkeep]\n|-damage|p2a: Garchomp|33/100 psn|[from] Hail\n|-damage|p1a: abundant harvest|35/100|[from] Hail\n|-heal|p1a: abundant harvest|41/100|[from] item: Leftovers\n|-damage|p2a: Garchomp|20/100 psn|[from] psn\n|upkeep\n|turn|7\n|\n|t:|1790535180\n|switch|p1a: full metal wall|Melmetal|100/100 slp\n|-damage|p1a: full metal wall|94/100 slp|[from] Stealth Rock\n|move|p2a: Garchomp|Outrage|p1a: full metal wall|[from] lockedmove\n|-resisted|p1a: full metal wall\n|-damage|p1a: full metal wall|75/100 slp\n|\n|-weather|Hail|[upkeep]\n|-damage|p2a: Garchomp|14/100 psn|[from] Hail\n|-damage|p1a: full metal wall|69/100 slp|[from] Hail\n|-heal|p1a: full metal wall|75/100 slp|[from] item: Leftovers\n|-damage|p2a: Garchomp|2/100 psn|[from] psn\n|upkeep\n|turn|8\n|\n|t:|1790535186\n|move|p2a: Garchomp|Outrage|p1a: full metal wall|[from] lockedmove\n|-resisted|p1a: full metal wall\n|-damage|p1a: full metal wall|57/100 slp\n|-start|p2a: Garchomp|confusion|[fatigue]\n|cant|p1a: full metal wall|slp\n|\n|-weather|none\n|-heal|p1a: full metal wall|63/100 slp|[from] item: Leftovers\n|-damage|p2a: Garchomp|0 fnt|[from] psn\n|faint|p2a: Garchomp\n|upkeep\n|\n|t:|1790535214\n|switch|p2a: Heatran|Heatran, F|52/100\n|-damage|p2a: Heatran|40/100|[from] Stealth Rock\n|turn|9\n|\n|t:|1790535221\n|switch|p1a: crimson edge|Garchomp, F|100/100\n|-damage|p1a: crimson edge|94/100|[from] Stealth Rock\n|move|p2a: Heatran|Will-O-Wisp|p1a: crimson edge\n|-status|p1a: crimson edge|brn\n|\n|-heal|p1a: crimson edge|100/100 brn|[from] item: Leftovers\n|-damage|p1a: crimson edge|94/100 brn|[from] brn\n|upkeep\n|turn|10\n|\n|t:|1790535234\n|switch|p2a: Ninetales|Ninetales-Alola, F|100/100\n|-status|p2a: Ninetales|psn\n|-damage|p2a: Ninetales|76/100 psn|[from] Stealth Rock\n|-weather|Hail|[from] ability: Snow Warning|[of] p2a: Ninetales\n|move|p1a: crimson edge|Earthquake|p2a: Ninetales\n|-damage|p2a: Ninetales|43/100 psn\n|\n|-weather|Hail|[upkeep]\n|-damage|p1a: crimson edge|88/100 brn|[from] Hail\n|-heal|p1a: crimson edge|94/100 brn|[from] item: Leftovers\n|-damage|p2a: Ninetales|31/100 psn|[from] psn\n|-damage|p1a: crimson edge|88/100 brn|[from] brn\n|upkeep\n|turn|11\n|\n|t:|1790535246\n|switch|p2a: Dragapult|Dragapult, M|100/100\n|-status|p2a: Dragapult|psn\n|-damage|p2a: Dragapult|88/100 psn|[from] Stealth Rock\n|move|p1a: crimson edge|Earthquake|p2a: Dragapult\n|-damage|p2a: Dragapult|55/100 psn\n|\n|-weather|Hail|[upkeep]\n|-damage|p2a: Dragapult|49/100 psn|[from] Hail\n|-damage|p1a: crimson edge|82/100 brn|[from] Hail\n|-heal|p1a: crimson edge|88/100 brn|[from] item: Leftovers\n|-damage|p2a: Dragapult|36/100 psn|[from] psn\n|-damage|p1a: crimson edge|82/100 brn|[from] brn\n|upkeep\n|turn|12\n|\n|t:|1790535256\n|switch|p1a: full metal wall|Melmetal|63/100 slp\n|-damage|p1a: full metal wall|57/100 slp|[from] Stealth Rock\n|move|p2a: Dragapult|Dragon Darts|p1a: full metal wall\n|-resisted|p1a: full metal wall\n|-damage|p1a: full metal wall|47/100 slp\n|-anim|p2a: Dragapult|Dragon Darts|p1a: full metal wall\n|-resisted|p1a: full metal wall\n|-damage|p1a: full metal wall|36/100 slp\n|\n|-weather|Hail|[upkeep]\n|-damage|p2a: Dragapult|30/100 psn|[from] Hail\n|-damage|p1a: full metal wall|30/100 slp|[from] Hail\n|-heal|p1a: full metal wall|36/100 slp|[from] item: Leftovers\n|-damage|p2a: Dragapult|18/100 psn|[from] psn\n|upkeep\n|turn|13\n|\n|t:|1790535262\n|move|p2a: Dragapult|Dragon Darts|p1a: full metal wall\n|-resisted|p1a: full metal wall\n|-damage|p1a: full metal wall|26/100 slp\n|-anim|p2a: Dragapult|Dragon Darts|p1a: full metal wall\n|-resisted|p1a: full metal wall\n|-crit|p1a: full metal wall\n|-damage|p1a: full metal wall|10/100 slp\n|cant|p1a: full metal wall|slp\n|\n|-weather|Hail|[upkeep]\n|-damage|p2a: Dragapult|12/100 psn|[from] Hail\n|-damage|p1a: full metal wall|3/100 slp|[from] Hail\n|-heal|p1a: full metal wall|10/100 slp|[from] item: Leftovers\n|-damage|p2a: Dragapult|0 fnt|[from] psn\n|faint|p2a: Dragapult\n|upkeep\n|\n|t:|1790535264\n|switch|p2a: Arctozolt|Arctozolt|100/100\n|turn|14\n|\n|t:|1790535272\n|move|p2a: Arctozolt|Bolt Beak|p1a: full metal wall\n|-damage|p1a: full metal wall|0 fnt\n|faint|p1a: full metal wall\n|\n|-weather|Hail|[upkeep]\n|upkeep\n|\n|t:|1790535276\n|switch|p1a: abundant harvest|Landorus-Therian, M|41/100\n|-damage|p1a: abundant harvest|29/100|[from] Stealth Rock\n|-ability|p1a: abundant harvest|Intimidate|boost\n|-unboost|p2a: Arctozolt|atk|1\n|turn|15\n|\n|t:|1790535280\n|switch|p1a: total shelter|Toxapex, F|100/100\n|-damage|p1a: total shelter|88/100|[from] Stealth Rock\n|move|p2a: Arctozolt|Blizzard|p1a: total shelter\n|-resisted|p1a: total shelter\n|-damage|p1a: total shelter|75/100\n|\n|-weather|Hail|[upkeep]\n|-damage|p1a: total shelter|69/100|[from] Hail\n|upkeep\n|turn|16\n|\n|t:|1790535285\n|move|p2a: Arctozolt|Substitute|p2a: Arctozolt\n|-start|p2a: Arctozolt|Substitute\n|-damage|p2a: Arctozolt|76/100\n|move|p1a: total shelter|Recover|p1a: total shelter\n|-heal|p1a: total shelter|100/100\n|\n|-weather|Hail|[upkeep]\n|-damage|p1a: total shelter|95/100|[from] Hail\n|upkeep\n|turn|17\n|\n|t:|1790535291\n|switch|p1a: crimson edge|Garchomp, F|82/100 brn\n|-damage|p1a: crimson edge|76/100 brn|[from] Stealth Rock\n|move|p2a: Arctozolt|Bolt Beak|p1a: crimson edge\n|-immune|p1a: crimson edge\n|\n|-weather|none\n|-heal|p1a: crimson edge|82/100 brn|[from] item: Leftovers\n|-damage|p1a: crimson edge|76/100 brn|[from] brn\n|upkeep\n|turn|18\n|\n|t:|1790535296\n|move|p1a: crimson edge|Earthquake|p2a: Arctozolt\n|-supereffective|p2a: Arctozolt\n|-end|p2a: Arctozolt|Substitute\n|move|p2a: Arctozolt|Blizzard|p1a: crimson edge|[miss]\n|-miss|p2a: Arctozolt|p1a: crimson edge\n|\n|-heal|p1a: crimson edge|82/100 brn|[from] item: Leftovers\n|-damage|p1a: crimson edge|76/100 brn|[from] brn\n|upkeep\n|turn|19\n|\n|t:|1790535306\n|switch|p2a: Heatran|Heatran, F|40/100\n|-damage|p2a: Heatran|27/100|[from] Stealth Rock\n|move|p1a: crimson edge|Earthquake|p2a: Heatran\n|-supereffective|p2a: Heatran\n|-damage|p2a: Heatran|0 fnt\n|faint|p2a: Heatran\n|\n|-heal|p1a: crimson edge|82/100 brn|[from] item: Leftovers\n|-damage|p1a: crimson edge|76/100 brn|[from] brn\n|upkeep\n|\n|t:|1790535321\n|switch|p2a: Ninetales|Ninetales-Alola, F|31/100 psn\n|-damage|p2a: Ninetales|6/100 psn|[from] Stealth Rock\n|-weather|Hail|[from] ability: Snow Warning|[of] p2a: Ninetales\n|turn|20\n|\n|t:|1790535329\n|move|p2a: Ninetales|Aurora Veil|p2a: Ninetales\n|-sidestart|p2: Braga S2|move: Aurora Veil\n|move|p1a: crimson edge|Swords Dance|p1a: crimson edge\n|-boost|p1a: crimson edge|atk|2\n|\n|-weather|Hail|[upkeep]\n|-damage|p1a: crimson edge|69/100 brn|[from] Hail\n|-heal|p1a: crimson edge|76/100 brn|[from] item: Leftovers\n|-damage|p2a: Ninetales|0 fnt|[from] psn\n|faint|p2a: Ninetales\n|-damage|p1a: crimson edge|69/100 brn|[from] brn\n|upkeep\n|\n|t:|1790535332\n|switch|p2a: Arctozolt|Arctozolt|76/100\n|turn|21\n|\n|t:|1790535348\n|switch|p1a: tear away|Weavile, M|100/100\n|move|p2a: Arctozolt|Blizzard|p1a: tear away\n|-resisted|p1a: tear away\n|-damage|p1a: tear away|75/100\n|\n|-weather|Hail|[upkeep]\n|upkeep\n|turn|22\n|\n|t:|1790535355\n|move|p2a: Arctozolt|Substitute|p2a: Arctozolt\n|-start|p2a: Arctozolt|Substitute\n|-damage|p2a: Arctozolt|51/100\n|move|p1a: tear away|Knock Off|p2a: Arctozolt\n|-end|p2a: Arctozolt|Substitute\n|\n|-weather|Hail|[upkeep]\n|upkeep\n|turn|23\n|\n|t:|1790535367\n|move|p2a: Arctozolt|Bolt Beak|p1a: tear away\n|-damage|p1a: tear away|0 fnt\n|faint|p1a: tear away\n|\n|-weather|Hail|[upkeep]\n|upkeep\n|\n|t:|1790535369\n|switch|p1a: abundant harvest|Landorus-Therian, M|29/100\n|-damage|p1a: abundant harvest|17/100|[from] Stealth Rock\n|-ability|p1a: abundant harvest|Intimidate|boost\n|-unboost|p2a: Arctozolt|atk|1\n|turn|24\n|\n|t:|1790535376\n|switch|p1a: crimson edge|Garchomp, F|69/100 brn\n|-damage|p1a: crimson edge|63/100 brn|[from] Stealth Rock\n|move|p2a: Arctozolt|Blizzard|p1a: crimson edge\n|-supereffective|p1a: crimson edge\n|-damage|p1a: crimson edge|0 fnt\n|faint|p1a: crimson edge\n|\n|-weather|Hail|[upkeep]\n|-sideend|p2: Braga S2|move: Aurora Veil\n|upkeep\n|\n|t:|1790535378\n|switch|p1a: abundant harvest|Landorus-Therian, M|17/100\n|-damage|p1a: abundant harvest|4/100|[from] Stealth Rock\n|-ability|p1a: abundant harvest|Intimidate|boost\n|-unboost|p2a: Arctozolt|atk|1\n|turn|25\n|\n|t:|1790535395\n|move|p2a: Arctozolt|Blizzard|p1a: abundant harvest\n|-supereffective|p1a: abundant harvest\n|-damage|p1a: abundant harvest|0 fnt\n|faint|p1a: abundant harvest\n|\n|-weather|Hail|[upkeep]\n|upkeep\n|\n|t:|1790535398\n|switch|p1a: total shelter|Toxapex, F|100/100\n|-damage|p1a: total shelter|88/100|[from] Stealth Rock\n|turn|26\n|\n|t:|1790535402\n|move|p2a: Arctozolt|Bolt Beak|p1a: total shelter\n|-supereffective|p1a: total shelter\n|-damage|p1a: total shelter|44/100\n|-damage|p2a: Arctozolt|34/100|[from] item: Rocky Helmet|[of] p1a: total shelter\n|move|p1a: total shelter|Scald|p2a: Arctozolt\n|-damage|p2a: Arctozolt|12/100\n|-status|p2a: Arctozolt|brn\n|\n|-weather|Hail|[upkeep]\n|-damage|p1a: total shelter|38/100|[from] Hail\n|-damage|p2a: Arctozolt|5/100 brn|[from] brn\n|upkeep\n|turn|27\n|\n|t:|1790535408\n|move|p2a: Arctozolt|Blizzard|p1a: total shelter\n|-resisted|p1a: total shelter\n|-damage|p1a: total shelter|25/100\n|move|p1a: total shelter|Recover|p1a: total shelter\n|-heal|p1a: total shelter|75/100\n|\n|-weather|none\n|-damage|p2a: Arctozolt|0 fnt|[from] brn\n|faint|p2a: Arctozolt\n|upkeep\n|\n|t:|1790535410\n|switch|p2a: Blaziken|Blaziken, M|100/100\n|-damage|p2a: Blaziken|88/100|[from] Stealth Rock\n|-item|p2a: Blaziken|Air Balloon\n|turn|28\n|\n|t:|1790535415\n|move|p2a: Blaziken|Swords Dance|p2a: Blaziken\n|-boost|p2a: Blaziken|atk|2\n|move|p1a: total shelter|Haze|p1a: total shelter\n|-clearallboost\n|\n|-ability|p2a: Blaziken|Speed Boost|boost\n|-boost|p2a: Blaziken|spe|1\n|upkeep\n|turn|29\n|\n|t:|1790535420\n|move|p2a: Blaziken|Swords Dance|p2a: Blaziken\n|-boost|p2a: Blaziken|atk|2\n|move|p1a: total shelter|Scald|p2a: Blaziken\n|-supereffective|p2a: Blaziken\n|-damage|p2a: Blaziken|38/100\n|-enditem|p2a: Blaziken|Air Balloon\n|\n|-ability|p2a: Blaziken|Speed Boost|boost\n|-boost|p2a: Blaziken|spe|1\n|upkeep\n|turn|30\n|\n|t:|1790535423\n|switch|p1a: fighting instinct|Zapdos-Galar|100/100\n|-damage|p1a: fighting instinct|88/100|[from] Stealth Rock\n|move|p2a: Blaziken|Thunder Punch|p1a: fighting instinct\n|-supereffective|p1a: fighting instinct\n|-damage|p1a: fighting instinct|0 fnt\n|faint|p1a: fighting instinct\n|\n|-ability|p2a: Blaziken|Speed Boost|boost\n|-boost|p2a: Blaziken|spe|1\n|upkeep\n|\n|t:|1790535425\n|switch|p1a: total shelter|Toxapex, F|100/100\n|-damage|p1a: total shelter|88/100|[from] Stealth Rock\n|turn|31\n|c|\u2606Braga S2|gg\n|\n|t:|1790535431\n|move|p2a: Blaziken|Thunder Punch|p1a: total shelter\n|-supereffective|p1a: total shelter\n|-damage|p1a: total shelter|16/100\n|-damage|p2a: Blaziken|22/100|[from] item: Rocky Helmet|[of] p1a: total shelter\n|move|p1a: total shelter|Scald|p2a: Blaziken\n|-supereffective|p2a: Blaziken\n|-damage|p2a: Blaziken|0 fnt\n|faint|p2a: Blaziken\n|\n|win|Clem\n|c|\u2606Clem|gg\n", "uploadtime": 1790535431, "views": "55", "formatid": "gen8ou", "rating": null, "private": 0, "password": null}