{"id": "smogtours-gen8ou-974838", "format": "[Gen 8] OU", "players": ["Shivam_Z", "Squirtle nornor"], "log": "|inactive|Battle timer is ON: inactive players will automatically lose when time's up.\n|t:|1790518703\n|gametype|singles\n|player|p1|Shivam_Z|#umbdiambers|\n|player|p2|Squirtle nornor|#wcop2023bangladesh2|\n|gen|8\n|tier|[Gen 8] OU\n|rule|HP Percentage Mod: HP is shown in percentages\n|rule|Endless Battle Clause: Forcing endless battles is banned\n|rule|Sleep Clause Mod: Limit one foe put to sleep\n|rule|Species Clause: Limit one of each Pok\u00e9mon\n|rule|OHKO Clause: OHKO moves are banned\n|rule|Evasion Items Clause: Evasion items are banned\n|rule|Evasion Moves Clause: Evasion moves are banned\n|rule|Dynamax Clause: You cannot dynamax\n|clearpoke\n|poke|p1|Mew|\n|poke|p1|Sharpedo, M|\n|poke|p1|Moltres-Galar|\n|poke|p1|Garchomp, F|\n|poke|p1|Kartana|\n|poke|p1|Blaziken, F|\n|poke|p2|Volcanion|\n|poke|p2|Tornadus-Therian, M|\n|poke|p2|Heatran, M|\n|poke|p2|Landorus-Therian, M|\n|poke|p2|Ferrothorn, F|\n|poke|p2|Weavile, F|\n|teampreview\n|inactive|Squirtle nornor has 270 seconds left.\n|inactive|Squirtle nornor has 240 seconds left.\n|inactive|Squirtle nornor has 210 seconds left.\n|inactive|Squirtle nornor has 180 seconds left.\n|inactive|Squirtle nornor has 150 seconds left.\n|\n|t:|1790518855\n|teamsize|p1|6\n|teamsize|p2|6\n|start\n|switch|p1a: Mew|Mew, shiny|100/100\n|switch|p2a: Heatran|Heatran, M|100/100\n|-item|p2a: Heatran|Air Balloon\n|turn|1\n|\n|t:|1790518866\n|move|p1a: Mew|Taunt|p2a: Heatran\n|-start|p2a: Heatran|move: Taunt\n|move|p2a: Heatran|Eruption|p1a: Mew\n|-damage|p1a: Mew|37/100\n|\n|upkeep\n|turn|2\n|\n|t:|1790518873\n|move|p1a: Mew|Stealth Rock|p2a: Heatran\n|-sidestart|p2: Squirtle nornor|move: Stealth Rock\n|move|p2a: Heatran|Eruption|p1a: Mew\n|-damage|p1a: Mew|0 fnt\n|faint|p1a: Mew\n|\n|upkeep\n|\n|t:|1790518882\n|switch|p1a: Blaziken|Blaziken, F, shiny|100/100\n|turn|3\n|inactive|Squirtle nornor has 210 seconds left.\n|inactive|Squirtle nornor has 180 seconds left.\n|\n|t:|1790518951\n|move|p2a: Heatran|Earth Power|p1a: Blaziken\n|-supereffective|p1a: Blaziken\n|-damage|p1a: Blaziken|11/100\n|-unboost|p1a: Blaziken|spd|1\n|move|p1a: Blaziken|Swords Dance|p1a: Blaziken\n|-boost|p1a: Blaziken|atk|2\n|\n|-heal|p1a: Blaziken|17/100|[from] item: Leftovers\n|-end|p2a: Heatran|move: Taunt\n|-ability|p1a: Blaziken|Speed Boost|boost\n|-boost|p1a: Blaziken|spe|1\n|upkeep\n|turn|4\n|\n|t:|1790518978\n|switch|p2a: Ferrothorn|Ferrothorn, F|100/100\n|-damage|p2a: Ferrothorn|94/100|[from] Stealth Rock\n|move|p1a: Blaziken|Protect||[still]\n|-fail|p1a: Blaziken\n|\n|-heal|p1a: Blaziken|23/100|[from] item: Leftovers\n|-ability|p1a: Blaziken|Speed Boost|boost\n|-boost|p1a: Blaziken|spe|1\n|upkeep\n|turn|5\n|\n|t:|1790518992\n|move|p1a: Blaziken|High Jump Kick|p2a: Ferrothorn\n|-supereffective|p2a: Ferrothorn\n|-crit|p2a: Ferrothorn\n|-damage|p2a: Ferrothorn|0 fnt\n|-damage|p1a: Blaziken|11/100|[from] ability: Iron Barbs|[of] p2a: Ferrothorn\n|-damage|p1a: Blaziken|0 fnt|[from] item: Rocky Helmet|[of] p2a: Ferrothorn\n|faint|p2a: Ferrothorn\n|faint|p1a: Blaziken\n|\n|upkeep\n|inactive|Squirtle nornor has 150 seconds left.\n|inactive|Squirtle nornor has 120 seconds left.\n|\n|t:|1790519049\n|switch|p1a: Sharpedo|Sharpedo, M|100/100\n|switch|p2a: Volcanion|Volcanion|100/100\n|-damage|p2a: Volcanion|76/100|[from] Stealth Rock\n|turn|6\n|inactive|Squirtle nornor has 120 seconds left.\n|\n|t:|1790519061\n|move|p1a: Sharpedo|Protect|p1a: Sharpedo\n|-singleturn|p1a: Sharpedo|Protect\n|move|p2a: Volcanion|Steam Eruption|p1a: Sharpedo\n|-activate|p1a: Sharpedo|move: Protect\n|\n|-ability|p1a: Sharpedo|Speed Boost|boost\n|-boost|p1a: Sharpedo|spe|1\n|upkeep\n|turn|7\n|\n|t:|1790519067\n|move|p1a: Sharpedo|Dark Pulse|p2a: Volcanion\n|-damage|p2a: Volcanion|14/100\n|-damage|p1a: Sharpedo|91/100|[from] item: Life Orb\n|cant|p2a: Volcanion|flinch\n|\n|-ability|p1a: Sharpedo|Speed Boost|boost\n|-boost|p1a: Sharpedo|spe|1\n|upkeep\n|turn|8\n|\n|t:|1790519077\n|move|p1a: Sharpedo|Dark Pulse|p2a: Volcanion\n|-damage|p2a: Volcanion|0 fnt\n|faint|p2a: Volcanion\n|-damage|p1a: Sharpedo|81/100|[from] item: Life Orb\n|\n|-ability|p1a: Sharpedo|Speed Boost|boost\n|-boost|p1a: Sharpedo|spe|1\n|upkeep\n|inactive|Squirtle nornor has 120 seconds left.\n|\n|t:|1790519087\n|switch|p2a: Tornadus|Tornadus-Therian, M|100/100\n|-damage|p2a: Tornadus|76/100|[from] Stealth Rock\n|turn|9\n|inactive|Squirtle nornor has 120 seconds left.\n|\n|t:|1790519098\n|move|p1a: Sharpedo|Protect|p1a: Sharpedo\n|-singleturn|p1a: Sharpedo|Protect\n|move|p2a: Tornadus|U-turn|p1a: Sharpedo\n|-activate|p1a: Sharpedo|move: Protect\n|\n|-ability|p1a: Sharpedo|Speed Boost|boost\n|-boost|p1a: Sharpedo|spe|1\n|upkeep\n|turn|10\n|\n|t:|1790519102\n|move|p1a: Sharpedo|Hydro Pump|p2a: Tornadus|[miss]\n|-miss|p1a: Sharpedo|p2a: Tornadus\n|move|p2a: Tornadus|U-turn|p1a: Sharpedo\n|-supereffective|p1a: Sharpedo\n|-damage|p1a: Sharpedo|10/100\n|\n|t:|1790519109\n|switch|p2a: Weavile|Weavile, F|100/100|[from] U-turn\n|-ability|p2a: Weavile|Pressure\n|\n|-ability|p1a: Sharpedo|Speed Boost|boost\n|-boost|p1a: Sharpedo|spe|1\n|upkeep\n|turn|11\n|\n|t:|1790519111\n|move|p1a: Sharpedo|Protect|p1a: Sharpedo\n|-singleturn|p1a: Sharpedo|Protect\n|move|p2a: Weavile|Ice Shard|p1a: Sharpedo\n|-activate|p1a: Sharpedo|move: Protect\n|\n|-ability|p1a: Sharpedo|Speed Boost|boost\n|-boost|p1a: Sharpedo|spe|1\n|upkeep\n|turn|12\n|\n|t:|1790519116\n|switch|p1a: Kartana|Kartana, shiny|100/100\n|move|p2a: Weavile|Ice Shard|p1a: Kartana\n|-damage|p1a: Kartana|77/100\n|\n|upkeep\n|turn|13\n|\n|t:|1790519123\n|switch|p2a: Landorus|Landorus-Therian, M|100/100\n|-damage|p2a: Landorus|88/100|[from] Stealth Rock\n|-ability|p2a: Landorus|Intimidate|boost\n|-unboost|p1a: Kartana|atk|1\n|move|p1a: Kartana|Leaf Blade|p2a: Landorus\n|-crit|p2a: Landorus\n|-damage|p2a: Landorus|2/100\n|\n|-heal|p2a: Landorus|8/100|[from] item: Leftovers\n|upkeep\n|turn|14\n|\n|t:|1790519127\n|switch|p2a: Heatran|Heatran, M|100/100\n|-damage|p2a: Heatran|88/100|[from] Stealth Rock\n|-item|p2a: Heatran|Air Balloon\n|move|p1a: Kartana|Leaf Blade|p2a: Heatran\n|-resisted|p2a: Heatran\n|-damage|p2a: Heatran|79/100\n|-enditem|p2a: Heatran|Air Balloon\n|\n|upkeep\n|turn|15\n|\n|t:|1790519135\n|switch|p1a: Sharpedo|Sharpedo, M|10/100\n|move|p2a: Heatran|Eruption|p1a: Sharpedo\n|-resisted|p1a: Sharpedo\n|-damage|p1a: Sharpedo|0 fnt\n|faint|p1a: Sharpedo\n|\n|upkeep\n|\n|t:|1790519138\n|switch|p1a: Garchomp|Garchomp, F|100/100\n|turn|16\n|inactive|Squirtle nornor has 180 seconds left.\n|\n|t:|1790519153\n|switch|p2a: Landorus|Landorus-Therian, M|8/100\n|-damage|p2a: Landorus|0 fnt|[from] Stealth Rock\n|faint|p2a: Landorus\n|move|p1a: Garchomp|Earthquake|p2: Landorus|[notarget]\n|-fail|p1a: Garchomp\n|\n|upkeep\n|\n|t:|1790519155\n|switch|p2a: Weavile|Weavile, F|100/100\n|-ability|p2a: Weavile|Pressure\n|turn|17\n|\n|t:|1790519160\n|move|p2a: Weavile|Triple Axel|p1a: Garchomp\n|-supereffective|p1a: Garchomp\n|-crit|p1a: Garchomp\n|-damage|p1a: Garchomp|40/100\n|-damage|p2a: Weavile|88/100|[from] ability: Rough Skin|[of] p1a: Garchomp\n|-hitcount|p1a: Garchomp|1\n|move|p1a: Garchomp|Fire Fang|p2a: Weavile\n|-supereffective|p2a: Weavile\n|-damage|p2a: Weavile|9/100\n|\n|upkeep\n|turn|18\n|\n|t:|1790519172\n|move|p2a: Weavile|Ice Shard|p1a: Garchomp\n|-supereffective|p1a: Garchomp\n|-damage|p1a: Garchomp|0 fnt\n|faint|p1a: Garchomp\n|\n|upkeep\n|\n|t:|1790519174\n|switch|p1a: Kartana|Kartana, shiny|77/100\n|turn|19\n|\n|t:|1790519196\n|switch|p2a: Tornadus|Tornadus-Therian, M|100/100\n|-damage|p2a: Tornadus|76/100|[from] Stealth Rock\n|move|p1a: Kartana|Knock Off|p2a: Tornadus\n|-damage|p2a: Tornadus|34/100\n|-enditem|p2a: Tornadus|Assault Vest|[from] move: Knock Off|[of] p1a: Kartana\n|\n|upkeep\n|turn|20\n|\n|t:|1790519203\n|move|p1a: Kartana|Knock Off|p2a: Tornadus\n|-damage|p2a: Tornadus|2/100\n|move|p2a: Tornadus|Heat Wave|p1a: Kartana\n|-supereffective|p1a: Kartana\n|-damage|p1a: Kartana|0 fnt\n|faint|p1a: Kartana\n|\n|upkeep\n|\n|t:|1790519205\n|switch|p1a: Moltres|Moltres-Galar|100/100\n|turn|21\n|\n|t:|1790519217\n|move|p2a: Tornadus|Hurricane|p1a: Moltres|[miss]\n|-miss|p2a: Tornadus|p1a: Moltres\n|move|p1a: Moltres|Agility|p1a: Moltres\n|-boost|p1a: Moltres|spe|2\n|\n|upkeep\n|turn|22\n|\n|t:|1790519220\n|move|p1a: Moltres|Fiery Wrath|p2a: Tornadus\n|-damage|p2a: Tornadus|0 fnt\n|faint|p2a: Tornadus\n|\n|upkeep\n|\n|t:|1790519222\n|switch|p2a: Heatran|Heatran, M|79/100\n|-damage|p2a: Heatran|66/100|[from] Stealth Rock\n|turn|23\n|\n|t:|1790519224\n|move|p1a: Moltres|Fiery Wrath|p2a: Heatran\n|-damage|p2a: Heatran|22/100\n|move|p2a: Heatran|Magma Storm|p1a: Moltres\n|-damage|p1a: Moltres|60/100\n|-activate|p1a: Moltres|move: Magma Storm|[of] p2a: Heatran\n|\n|-damage|p1a: Moltres|47/100|[from] move: Magma Storm|[partiallytrapped]\n|upkeep\n|turn|24\n|\n|t:|1790519231\n|move|p1a: Moltres|Fiery Wrath|p2a: Heatran\n|-damage|p2a: Heatran|0 fnt\n|faint|p2a: Heatran\n|\n|-end|p1a: Moltres|Magma Storm|[partiallytrapped]|[silent]\n|upkeep\n|\n|t:|1790519232\n|switch|p2a: Weavile|Weavile, F|9/100\n|-ability|p2a: Weavile|Pressure\n|turn|25\n|\n|t:|1790519234\n|move|p2a: Weavile|Ice Shard|p1a: Moltres\n|-supereffective|p1a: Moltres\n|-damage|p1a: Moltres|3/100\n|-enditem|p1a: Moltres|Weakness Policy\n|-boost|p1a: Moltres|atk|2|[from] item: Weakness Policy\n|-boost|p1a: Moltres|spa|2|[from] item: Weakness Policy\n|move|p1a: Moltres|Fiery Wrath|p2a: Weavile\n|-resisted|p2a: Weavile\n|-damage|p2a: Weavile|0 fnt\n|faint|p2a: Weavile\n|\n|win|Shivam_Z\n|c|\u2606Shivam_Z|gg1\n|player|p1|\n", "uploadtime": 1790519234, "views": "45", "formatid": "gen8ou", "rating": null, "private": 0, "password": null}