{"id": "smogtours-gen8ou-974627", "format": "[Gen 8] OU", "players": ["sirpeanutcronch", "churrojr"], "log": "|inactive|Battle timer is ON: inactive players will automatically lose when time's up.\n|t:|1790452874\n|gametype|singles\n|player|p1|sirpeanutcronch|#scl6terrors2|\n|player|p2|churrojr|psychic-gen2|\n|gen|8\n|tier|[Gen 8] OU\n|rule|HP Percentage Mod: HP is shown in percentages\n|rule|Endless Battle Clause: Forcing endless battles is banned\n|rule|Sleep Clause Mod: Limit one foe put to sleep\n|rule|Species Clause: Limit one of each Pok\u00e9mon\n|rule|OHKO Clause: OHKO moves are banned\n|rule|Evasion Items Clause: Evasion items are banned\n|rule|Evasion Moves Clause: Evasion moves are banned\n|rule|Dynamax Clause: You cannot dynamax\n|clearpoke\n|poke|p1|Rillaboom, F|\n|poke|p1|Slowking-Galar, F|\n|poke|p1|Kartana|\n|poke|p1|Landorus-Therian, M|\n|poke|p1|Heatran, F|\n|poke|p1|Volcarona, F|\n|poke|p2|Skarmory, F|\n|poke|p2|Hippowdon, M|\n|poke|p2|Reuniclus, M|\n|poke|p2|Tapu Koko|\n|poke|p2|Toxapex, F|\n|poke|p2|Clefable, F|\n|teampreview\n|c|\u2606churrojr|glhf\n|c|\u2606sirpeanutcronch|u2\n|inactive|sirpeanutcronch has 270 seconds left.\n|inactive|churrojr has 270 seconds left.\n|inactive|sirpeanutcronch has 240 seconds left.\n|inactive|churrojr has 240 seconds left.\n|inactive|churrojr has 210 seconds left.\n|\n|t:|1790452987\n|teamsize|p1|6\n|teamsize|p2|6\n|start\n|switch|p1a: Slowking|Slowking-Galar, F|100/100\n|switch|p2a: Hippowdon|Hippowdon, M|100/100\n|-weather|Sandstorm|[from] ability: Sand Stream|[of] p2a: Hippowdon\n|turn|1\n|\n|t:|1790452995\n|switch|p1a: Landorus|Landorus-Therian, M|100/100\n|-ability|p1a: Landorus|Intimidate|boost\n|-unboost|p2a: Hippowdon|atk|1\n|move|p2a: Hippowdon|Stealth Rock|p1a: Landorus\n|-sidestart|p1: sirpeanutcronch|move: Stealth Rock\n|\n|-weather|Sandstorm|[upkeep]\n|upkeep\n|turn|2\n|\n|t:|1790452998\n|move|p1a: Landorus|Toxic|p2a: Hippowdon\n|-status|p2a: Hippowdon|tox\n|move|p2a: Hippowdon|Toxic|p1a: Landorus\n|-status|p1a: Landorus|tox\n|\n|-weather|Sandstorm|[upkeep]\n|-damage|p1a: Landorus|94/100 tox|[from] psn\n|-damage|p2a: Hippowdon|94/100 tox|[from] psn\n|upkeep\n|turn|3\n|inactive|churrojr has 270 seconds left.\n|\n|t:|1790453025\n|switch|p2a: Skarmory|Skarmory, F|100/100\n|move|p1a: Landorus|Defog|p2a: Skarmory\n|-unboost|p2a: Skarmory|evasion|1\n|-sideend|p1: sirpeanutcronch|Stealth Rock|[from] move: Defog|[of] p1a: Landorus\n|\n|-weather|Sandstorm|[upkeep]\n|-heal|p1a: Landorus|100/100 tox|[from] item: Leftovers\n|-damage|p1a: Landorus|88/100 tox|[from] psn\n|upkeep\n|turn|4\n|\n|t:|1790453042\n|switch|p1a: Heatran|Heatran, F|100/100\n|move|p2a: Skarmory|Spikes|p1a: Heatran\n|-sidestart|p1: sirpeanutcronch|Spikes\n|\n|-weather|Sandstorm|[upkeep]\n|upkeep\n|turn|5\n|inactive|churrojr has 240 seconds left.\n|inactive|churrojr has 210 seconds left.\n|inactive|sirpeanutcronch has 270 seconds left.\n|inactive|churrojr has 180 seconds left.\n|\n|t:|1790453129\n|switch|p2a: Hippowdon|Hippowdon, M|94/100 tox\n|move|p1a: Heatran|Stealth Rock|p2a: Hippowdon\n|-sidestart|p2: churrojr|move: Stealth Rock\n|\n|-weather|none\n|-heal|p2a: Hippowdon|100/100 tox|[from] item: Leftovers\n|-damage|p2a: Hippowdon|94/100 tox|[from] psn\n|upkeep\n|turn|6\n|\n|t:|1790453147\n|switch|p1a: Spencer|Kartana|100/100\n|-damage|p1a: Spencer|88/100|[from] Spikes\n|move|p2a: Hippowdon|Stealth Rock|p1a: Spencer\n|-sidestart|p1: sirpeanutcronch|move: Stealth Rock\n|\n|-heal|p2a: Hippowdon|100/100 tox|[from] item: Leftovers\n|-damage|p2a: Hippowdon|88/100 tox|[from] psn\n|upkeep\n|turn|7\n|\n|t:|1790453154\n|switch|p2a: Skarmory|Skarmory, F|100/100\n|-damage|p2a: Skarmory|88/100|[from] Stealth Rock\n|move|p1a: Spencer|Knock Off|p2a: Skarmory\n|-damage|p2a: Skarmory|65/100\n|-damage|p1a: Spencer|72/100|[from] item: Rocky Helmet|[of] p2a: Skarmory\n|-enditem|p2a: Skarmory|Rocky Helmet|[from] move: Knock Off|[of] p1a: Spencer\n|\n|upkeep\n|turn|8\n|\n|t:|1790453174\n|switch|p1a: Heatran|Heatran, F|100/100\n|-damage|p1a: Heatran|88/100|[from] Spikes\n|-damage|p1a: Heatran|76/100|[from] Stealth Rock\n|move|p2a: Skarmory|Body Press|p1a: Heatran\n|-supereffective|p1a: Heatran\n|-damage|p1a: Heatran|36/100\n|\n|-heal|p1a: Heatran|42/100|[from] item: Leftovers\n|upkeep\n|turn|9\n|inactive|churrojr has 150 seconds left.\n|\n|t:|1790453212\n|switch|p2a: Hippowdon|Hippowdon, M|88/100 tox\n|-damage|p2a: Hippowdon|82/100 tox|[from] Stealth Rock\n|-weather|Sandstorm|[from] ability: Sand Stream|[of] p2a: Hippowdon\n|move|p1a: Heatran|Magma Storm|p2a: Hippowdon\n|-damage|p2a: Hippowdon|52/100 tox\n|-activate|p2a: Hippowdon|move: Magma Storm|[of] p1a: Heatran\n|\n|-weather|Sandstorm|[upkeep]\n|-heal|p1a: Heatran|49/100|[from] item: Leftovers\n|-heal|p2a: Hippowdon|58/100 tox|[from] item: Leftovers\n|-damage|p2a: Hippowdon|52/100 tox|[from] psn\n|-damage|p2a: Hippowdon|39/100 tox|[from] move: Magma Storm|[partiallytrapped]\n|upkeep\n|turn|10\n|inactive|sirpeanutcronch has 270 seconds left.\n|\n|t:|1790453242\n|switch|p1a: Rillaboom|Rillaboom, F|100/100\n|-damage|p1a: Rillaboom|88/100|[from] Spikes\n|-damage|p1a: Rillaboom|76/100|[from] Stealth Rock\n|-fieldstart|move: Grassy Terrain|[from] ability: Grassy Surge|[of] p1a: Rillaboom\n|move|p2a: Hippowdon|Earthquake|p1a: Rillaboom\n|-resisted|p1a: Rillaboom\n|-damage|p1a: Rillaboom|66/100\n|\n|-weather|Sandstorm|[upkeep]\n|-damage|p1a: Rillaboom|60/100|[from] Sandstorm\n|-heal|p1a: Rillaboom|66/100|[from] Grassy Terrain\n|-heal|p2a: Hippowdon|45/100 tox|[from] Grassy Terrain\n|-heal|p2a: Hippowdon|52/100 tox|[from] item: Leftovers\n|-damage|p2a: Hippowdon|39/100 tox|[from] psn\n|-end|p2a: Hippowdon|Magma Storm|[partiallytrapped]|[silent]\n|upkeep\n|turn|11\n|inactive|sirpeanutcronch has 240 seconds left.\n|inactive|churrojr has 120 seconds left.\n|\n|t:|1790453273\n|switch|p2a: Tapu Koko|Tapu Koko|100/100\n|-fieldstart|move: Electric Terrain|[from] ability: Electric Surge|[of] p2a: Tapu Koko\n|move|p1a: Rillaboom|Swords Dance|p1a: Rillaboom\n|-boost|p1a: Rillaboom|atk|2\n|\n|-weather|Sandstorm|[upkeep]\n|-damage|p2a: Tapu Koko|94/100|[from] Sandstorm\n|-damage|p1a: Rillaboom|60/100|[from] Sandstorm\n|upkeep\n|turn|12\n|inactive|sirpeanutcronch has 240 seconds left.\n|inactive|churrojr has 120 seconds left.\n|\n|t:|1790453294\n|move|p2a: Tapu Koko|U-turn|p1a: Rillaboom\n|-supereffective|p1a: Rillaboom\n|-damage|p1a: Rillaboom|27/100\n|\n|t:|1790453318\n|switch|p2a: Hippowdon|Hippowdon, M|39/100 tox|[from] U-turn\n|-damage|p2a: Hippowdon|33/100 tox|[from] Stealth Rock\n|move|p1a: Rillaboom|Knock Off|p2a: Hippowdon\n|-damage|p2a: Hippowdon|0 fnt\n|-enditem|p2a: Hippowdon|Leftovers|[from] move: Knock Off|[of] p1a: Rillaboom\n|faint|p2a: Hippowdon\n|-damage|p1a: Rillaboom|17/100|[from] item: Life Orb\n|\n|-weather|Sandstorm|[upkeep]\n|-damage|p1a: Rillaboom|11/100|[from] Sandstorm\n|upkeep\n|\n|t:|1790453324\n|switch|p2a: Tapu Koko|Tapu Koko|94/100\n|turn|13\n|\n|t:|1790453336\n|switch|p1a: Landorus|Landorus-Therian, M|88/100 tox\n|-damage|p1a: Landorus|76/100 tox|[from] Stealth Rock\n|-ability|p1a: Landorus|Intimidate|boost\n|-unboost|p2a: Tapu Koko|atk|1\n|move|p2a: Tapu Koko|U-turn|p1a: Landorus\n|-resisted|p1a: Landorus\n|-damage|p1a: Landorus|71/100 tox\n|inactive|churrojr has 90 seconds left.\n|\n|t:|1790453348\n|switch|p2a: Skarmory|Skarmory, F|65/100|[from] U-turn\n|-damage|p2a: Skarmory|53/100|[from] Stealth Rock\n|\n|-weather|none\n|-heal|p1a: Landorus|77/100 tox|[from] item: Leftovers\n|-damage|p1a: Landorus|71/100 tox|[from] psn\n|upkeep\n|turn|14\n|\n|t:|1790453354\n|move|p1a: Landorus|U-turn|p2a: Skarmory\n|-resisted|p2a: Skarmory\n|-damage|p2a: Skarmory|50/100\n|\n|t:|1790453369\n|switch|p1a: Volcarona|Volcarona, F|100/100|[from] U-turn\n|move|p2a: Skarmory|Roost|p2a: Skarmory\n|-heal|p2a: Skarmory|99/100\n|-singleturn|p2a: Skarmory|move: Roost\n|\n|upkeep\n|turn|15\n|\n|t:|1790453375\n|switch|p2a: Toxapex|Toxapex, F|100/100\n|-damage|p2a: Toxapex|88/100|[from] Stealth Rock\n|move|p1a: Volcarona|Psychic|p2a: Toxapex\n|-supereffective|p2a: Toxapex\n|-damage|p2a: Toxapex|45/100\n|\n|-heal|p2a: Toxapex|51/100|[from] item: Black Sludge\n|-fieldend|move: Electric Terrain\n|upkeep\n|turn|16\n|\n|t:|1790453380\n|switch|p1a: Slowking|Slowking-Galar, F|100/100\n|-damage|p1a: Slowking|88/100|[from] Spikes\n|-damage|p1a: Slowking|76/100|[from] Stealth Rock\n|move|p2a: Toxapex|Knock Off|p1a: Slowking\n|-supereffective|p1a: Slowking\n|-enditem|p1a: Slowking|Colbur Berry|[eat]\n|-enditem|p1a: Slowking|Colbur Berry|[weaken]\n|-damage|p1a: Slowking|60/100\n|\n|-heal|p2a: Toxapex|57/100|[from] item: Black Sludge\n|upkeep\n|turn|17\n|inactive|churrojr has 120 seconds left.\n|inactive|churrojr has 90 seconds left.\n|\n|t:|1790453418\n|move|p1a: Slowking|Nasty Plot|p1a: Slowking\n|-boost|p1a: Slowking|spa|2\n|move|p2a: Toxapex|Recover|p2a: Toxapex\n|-heal|p2a: Toxapex|100/100\n|\n|upkeep\n|turn|18\n|c|\u2606churrojr|woah\n|inactive|churrojr has 90 seconds left.\n|\n|t:|1790453453\n|switch|p2a: Reuniclus|Reuniclus, M|100/100\n|move|p1a: Slowking|Psyshock|p2a: Reuniclus\n|-resisted|p2a: Reuniclus\n|-damage|p2a: Reuniclus|61/100\n|\n|-heal|p2a: Reuniclus|68/100|[from] item: Leftovers\n|upkeep\n|turn|19\n|inactive|churrojr has 60 seconds left.\n|\n|t:|1790453495\n|switch|p2a: Clefable|Clefable, F|100/100\n|move|p1a: Slowking|Sludge Bomb|p2a: Clefable\n|-supereffective|p2a: Clefable\n|-damage|p2a: Clefable|0 fnt\n|faint|p2a: Clefable\n|\n|upkeep\n|\n|t:|1790453501\n|switch|p2a: Skarmory|Skarmory, F|99/100\n|-damage|p2a: Skarmory|87/100|[from] Stealth Rock\n|turn|20\n|\n|t:|1790453516\n|move|p2a: Skarmory|Spikes|p1a: Slowking\n|-sidestart|p1: sirpeanutcronch|Spikes\n|move|p1a: Slowking|Flamethrower|p2a: Skarmory\n|-supereffective|p2a: Skarmory\n|-damage|p2a: Skarmory|0 fnt\n|faint|p2a: Skarmory\n|\n|upkeep\n|\n|t:|1790453520\n|switch|p2a: Reuniclus|Reuniclus, M|68/100\n|turn|21\n|\n|t:|1790453523\n|move|p1a: Slowking|Sludge Bomb|p2a: Reuniclus\n|-damage|p2a: Reuniclus|1/100\n|-status|p2a: Reuniclus|psn\n|move|p2a: Reuniclus|Psyshock|p1a: Slowking\n|-damage|p1a: Slowking|27/100\n|\n|-heal|p2a: Reuniclus|7/100 psn|[from] item: Leftovers\n|upkeep\n|turn|22\n|\n|t:|1790453529\n|move|p2a: Reuniclus|Psyshock|p1a: Slowking\n|-damage|p1a: Slowking|0 fnt\n|faint|p1a: Slowking\n|\n|-heal|p2a: Reuniclus|13/100 psn|[from] item: Leftovers\n|upkeep\n|\n|t:|1790453538\n|switch|p1a: Landorus|Landorus-Therian, M|71/100 tox\n|-damage|p1a: Landorus|58/100 tox|[from] Stealth Rock\n|-ability|p1a: Landorus|Intimidate|boost\n|-unboost|p2a: Reuniclus|atk|1\n|turn|23\n|\n|t:|1790453541\n|move|p1a: Landorus|Earthquake|p2a: Reuniclus\n|-damage|p2a: Reuniclus|0 fnt\n|faint|p2a: Reuniclus\n|\n|-heal|p1a: Landorus|64/100 tox|[from] item: Leftovers\n|-damage|p1a: Landorus|58/100 tox|[from] psn\n|upkeep\n|\n|t:|1790453544\n|switch|p2a: Tapu Koko|Tapu Koko|94/100\n|-fieldstart|move: Electric Terrain|[from] ability: Electric Surge|[of] p2a: Tapu Koko\n|turn|24\n|\n|t:|1790453546\n|move|p2a: Tapu Koko|Dazzling Gleam|p1a: Landorus\n|-damage|p1a: Landorus|32/100 tox\n|move|p1a: Landorus|Earthquake|p2a: Tapu Koko\n|-supereffective|p2a: Tapu Koko\n|-damage|p2a: Tapu Koko|0 fnt\n|faint|p2a: Tapu Koko\n|\n|-heal|p1a: Landorus|38/100 tox|[from] item: Leftovers\n|-damage|p1a: Landorus|26/100 tox|[from] psn\n|upkeep\n|\n|t:|1790453548\n|switch|p2a: Toxapex|Toxapex, F|100/100\n|-damage|p2a: Toxapex|88/100|[from] Stealth Rock\n|turn|25\n|\n|t:|1790453549\n|move|p1a: Landorus|Earthquake|p2a: Toxapex\n|-supereffective|p2a: Toxapex\n|-damage|p2a: Toxapex|13/100\n|move|p2a: Toxapex|Knock Off|p1a: Landorus\n|-damage|p1a: Landorus|11/100 tox\n|-enditem|p1a: Landorus|Leftovers|[from] move: Knock Off|[of] p2a: Toxapex\n|\n|-heal|p2a: Toxapex|19/100|[from] item: Black Sludge\n|-damage|p1a: Landorus|0 fnt|[from] psn\n|faint|p1a: Landorus\n|upkeep\n|\n|t:|1790453551\n|switch|p1a: Volcarona|Volcarona, F|100/100\n|turn|26\n|\n|t:|1790453553\n|move|p1a: Volcarona|Psychic|p2a: Toxapex\n|-supereffective|p2a: Toxapex\n|-damage|p2a: Toxapex|0 fnt\n|faint|p2a: Toxapex\n|\n|win|sirpeanutcronch\n|c|\u2606churrojr|gg\n|c|\u2606sirpeanutcronch|gg\n|c|\u2606churrojr|chall for g2 whenever\n|c|\u2606sirpeanutcronch|which tier\n|c|\u2606churrojr|oh yea lmao\n|c|\u2606churrojr|sm\n|c|\u2606churrojr|mb\n", "uploadtime": 1790453553, "views": "82", "formatid": "gen8ou", "rating": null, "private": 0, "password": null}