{"id": "smogtours-gen8ou-976060", "format": "[Gen 8] OU", "players": ["hazardeur", "Riesen_Oschi"], "log": "|inactive|Battle timer is ON: inactive players will automatically lose when time's up.\n|t:|1791028869\n|gametype|singles\n|player|p1|hazardeur|lucas|\n|player|p2|Riesen_Oschi|#npl2024|\n|gen|8\n|tier|[Gen 8] OU\n|rule|HP Percentage Mod: HP is shown in percentages\n|rule|Endless Battle Clause: Forcing endless battles is banned\n|rule|Sleep Clause Mod: Limit one foe put to sleep\n|rule|Species Clause: Limit one of each Pok\u00e9mon\n|rule|OHKO Clause: OHKO moves are banned\n|rule|Evasion Items Clause: Evasion items are banned\n|rule|Evasion Moves Clause: Evasion moves are banned\n|rule|Dynamax Clause: You cannot dynamax\n|clearpoke\n|poke|p1|Clefable, M|\n|poke|p1|Hippowdon, M|\n|poke|p1|Tornadus-Therian, M|\n|poke|p1|Rotom-Wash|\n|poke|p1|Ferrothorn, F|\n|poke|p1|Excadrill, M|\n|poke|p2|Tapu Koko|\n|poke|p2|Clefable, M|\n|poke|p2|Magnezone|\n|poke|p2|Ferrothorn, F|\n|poke|p2|Landorus-Therian, M|\n|poke|p2|Dragonite, M|\n|teampreview\n|c|\u2606hazardeur|hf\n|c|\u2606Riesen_Oschi|u2\n|inactive|hazardeur has 270 seconds left.\n|inactive|Riesen_Oschi has 270 seconds left.\n|inactive|hazardeur has 240 seconds left.\n|\n|t:|1791028931\n|teamsize|p1|6\n|teamsize|p2|6\n|start\n|switch|p1a: Rotom|Rotom-Wash|100/100\n|switch|p2a: Ferrothorn|Ferrothorn, F|100/100\n|turn|1\n|\n|t:|1791028940\n|move|p1a: Rotom|Volt Switch|p2a: Ferrothorn\n|-resisted|p2a: Ferrothorn\n|-damage|p2a: Ferrothorn|90/100\n|\n|t:|1791028941\n|switch|p1a: Tornadus|Tornadus-Therian, M|100/100|[from] Volt Switch\n|move|p2a: Ferrothorn|Knock Off|p1a: Tornadus\n|-damage|p1a: Tornadus|76/100\n|-enditem|p1a: Tornadus|Heavy-Duty Boots|[from] move: Knock Off|[of] p2a: Ferrothorn\n|\n|-heal|p2a: Ferrothorn|96/100|[from] item: Leftovers\n|upkeep\n|turn|2\n|\n|t:|1791028954\n|switch|p2a: Clefable|Clefable, M|100/100\n|move|p1a: Tornadus|Knock Off|p2a: Clefable\n|-resisted|p2a: Clefable\n|-damage|p2a: Clefable|92/100\n|-enditem|p2a: Clefable|Leftovers|[from] move: Knock Off|[of] p1a: Tornadus\n|\n|upkeep\n|turn|3\n|\n|t:|1791028961\n|switch|p2a: Ferrothorn|Ferrothorn, F|96/100\n|move|p1a: Tornadus|Taunt|p2a: Ferrothorn\n|-start|p2a: Ferrothorn|move: Taunt\n|\n|-heal|p2a: Ferrothorn|100/100|[from] item: Leftovers\n|upkeep\n|turn|4\n|\n|t:|1791028969\n|switch|p2a: Clefable|Clefable, M|92/100\n|move|p1a: Tornadus|Knock Off|p2a: Clefable\n|-resisted|p2a: Clefable\n|-damage|p2a: Clefable|87/100\n|\n|upkeep\n|turn|5\n|\n|t:|1791028975\n|move|p1a: Tornadus|Hurricane|p2a: Clefable|[miss]\n|-miss|p1a: Tornadus|p2a: Clefable\n|move|p2a: Clefable|Moonblast|p1a: Tornadus\n|-damage|p1a: Tornadus|45/100\n|-unboost|p1a: Tornadus|spa|1\n|\n|upkeep\n|turn|6\n|\n|t:|1791028983\n|switch|p2a: Ferrothorn|Ferrothorn, F|100/100\n|move|p1a: Tornadus|U-turn|p2a: Ferrothorn\n|-damage|p2a: Ferrothorn|92/100\n|-damage|p1a: Tornadus|33/100|[from] ability: Iron Barbs|[of] p2a: Ferrothorn\n|\n|t:|1791028992\n|switch|p1a: Ferrothorn|Ferrothorn, F|100/100|[from] U-turn\n|\n|-heal|p2a: Ferrothorn|98/100|[from] item: Leftovers\n|upkeep\n|turn|7\n|\n|t:|1791029000\n|switch|p1a: Tornadus|Tornadus-Therian, M|66/100\n|move|p2a: Ferrothorn|Spikes|p1a: Tornadus\n|-sidestart|p1: hazardeur|Spikes\n|\n|-heal|p2a: Ferrothorn|100/100|[from] item: Leftovers\n|upkeep\n|turn|8\n|\n|t:|1791029008\n|move|p1a: Tornadus|U-turn|p2a: Ferrothorn\n|-damage|p2a: Ferrothorn|92/100\n|-damage|p1a: Tornadus|53/100|[from] ability: Iron Barbs|[of] p2a: Ferrothorn\n|\n|t:|1791029010\n|switch|p1a: Ferrothorn|Ferrothorn, F|100/100|[from] U-turn\n|-damage|p1a: Ferrothorn|88/100|[from] Spikes\n|move|p2a: Ferrothorn|Gyro Ball|p1a: Ferrothorn\n|-resisted|p1a: Ferrothorn\n|-damage|p1a: Ferrothorn|84/100\n|-damage|p2a: Ferrothorn|80/100|[from] ability: Iron Barbs|[of] p1a: Ferrothorn\n|\n|-heal|p1a: Ferrothorn|90/100|[from] item: Leftovers\n|-heal|p2a: Ferrothorn|86/100|[from] item: Leftovers\n|upkeep\n|turn|9\n|\n|t:|1791029014\n|move|p1a: Ferrothorn|Spikes|p2a: Ferrothorn\n|-sidestart|p2: Riesen_Oschi|Spikes\n|move|p2a: Ferrothorn|Spikes|p1a: Ferrothorn\n|-sidestart|p1: hazardeur|Spikes\n|\n|-heal|p1a: Ferrothorn|96/100|[from] item: Leftovers\n|-heal|p2a: Ferrothorn|92/100|[from] item: Leftovers\n|upkeep\n|turn|10\n|\n|t:|1791029015\n|move|p1a: Ferrothorn|Knock Off|p2a: Ferrothorn\n|-damage|p2a: Ferrothorn|78/100\n|-damage|p1a: Ferrothorn|84/100|[from] ability: Iron Barbs|[of] p2a: Ferrothorn\n|-enditem|p2a: Ferrothorn|Leftovers|[from] move: Knock Off|[of] p1a: Ferrothorn\n|move|p2a: Ferrothorn|Spikes|p1a: Ferrothorn\n|-sidestart|p1: hazardeur|Spikes\n|\n|-heal|p1a: Ferrothorn|90/100|[from] item: Leftovers\n|upkeep\n|turn|11\n|\n|t:|1791029023\n|switch|p1a: Tornadus|Tornadus-Therian, M|86/100\n|move|p2a: Ferrothorn|Knock Off|p1a: Tornadus\n|-damage|p1a: Tornadus|70/100\n|\n|upkeep\n|turn|12\n|\n|t:|1791029027\n|move|p1a: Tornadus|U-turn|p2a: Ferrothorn\n|-damage|p2a: Ferrothorn|69/100\n|-damage|p1a: Tornadus|58/100|[from] ability: Iron Barbs|[of] p2a: Ferrothorn\n|\n|t:|1791029029\n|switch|p1a: Clefable|Clefable, M|100/100|[from] U-turn\n|move|p2a: Ferrothorn|Gyro Ball|p1a: Clefable\n|-supereffective|p1a: Clefable\n|-damage|p1a: Clefable|47/100\n|\n|-damage|p2a: Ferrothorn|57/100|[from] item: Sticky Barb\n|upkeep\n|turn|13\n|\n|t:|1791029035\n|switch|p2a: Landorus|Landorus-Therian, M|100/100\n|-ability|p2a: Landorus|Intimidate|boost\n|-unboost|p1a: Clefable|atk|1\n|move|p1a: Clefable|Soft-Boiled|p1a: Clefable\n|-heal|p1a: Clefable|97/100\n|\n|upkeep\n|turn|14\n|\n|t:|1791029046\n|switch|p1a: Rotom|Rotom-Wash|100/100\n|move|p2a: Landorus|Stealth Rock|p1a: Rotom\n|-sidestart|p1: hazardeur|move: Stealth Rock\n|\n|upkeep\n|turn|15\n|\n|t:|1791029060\n|switch|p2a: Ferrothorn|Ferrothorn, F|57/100\n|-damage|p2a: Ferrothorn|45/100|[from] Spikes\n|move|p1a: Rotom|Hydro Pump|p2a: Ferrothorn\n|-resisted|p2a: Ferrothorn\n|-damage|p2a: Ferrothorn|28/100\n|\n|-damage|p2a: Ferrothorn|16/100|[from] item: Sticky Barb\n|upkeep\n|turn|16\n|\n|t:|1791029068\n|move|p1a: Rotom|Hydro Pump|p2a: Ferrothorn\n|-resisted|p2a: Ferrothorn\n|-crit|p2a: Ferrothorn\n|-damage|p2a: Ferrothorn|0 fnt\n|faint|p2a: Ferrothorn\n|\n|upkeep\n|\n|t:|1791029071\n|switch|p2a: Tapu Koko|Tapu Koko|100/100\n|-fieldstart|move: Electric Terrain|[from] ability: Electric Surge|[of] p2a: Tapu Koko\n|turn|17\n|\n|t:|1791029077\n|move|p2a: Tapu Koko|Volt Switch|p1a: Rotom\n|-damage|p1a: Rotom|70/100\n|\n|t:|1791029079\n|switch|p2a: Landorus|Landorus-Therian, M|100/100|[from] Volt Switch\n|-ability|p2a: Landorus|Intimidate|boost\n|-unboost|p1a: Rotom|atk|1\n|move|p1a: Rotom|Volt Switch|p2a: Landorus\n|-immune|p2a: Landorus\n|\n|-heal|p1a: Rotom|76/100|[from] item: Leftovers\n|upkeep\n|turn|18\n|\n|t:|1791029088\n|switch|p2a: Tapu Koko|Tapu Koko|100/100\n|move|p1a: Rotom|Hydro Pump|p2a: Tapu Koko|[miss]\n|-miss|p1a: Rotom|p2a: Tapu Koko\n|\n|-heal|p1a: Rotom|82/100|[from] item: Leftovers\n|upkeep\n|turn|19\n|\n|t:|1791029095\n|move|p2a: Tapu Koko|Dazzling Gleam|p1a: Rotom\n|-damage|p1a: Rotom|50/100\n|move|p1a: Rotom|Pain Split|p2a: Tapu Koko\n|-sethp|p2a: Tapu Koko|77/100|[from] move: Pain Split|[silent]\n|-sethp|p1a: Rotom|71/100|[from] move: Pain Split\n|\n|-heal|p1a: Rotom|77/100|[from] item: Leftovers\n|upkeep\n|turn|20\n|\n|t:|1791029103\n|move|p2a: Tapu Koko|Dazzling Gleam|p1a: Rotom\n|-damage|p1a: Rotom|48/100\n|move|p1a: Rotom|Volt Switch|p2a: Tapu Koko\n|-resisted|p2a: Tapu Koko\n|-crit|p2a: Tapu Koko\n|-damage|p2a: Tapu Koko|47/100\n|\n|t:|1791029107\n|switch|p1a: Excadrill|Excadrill, M|100/100|[from] Volt Switch\n|-damage|p1a: Excadrill|97/100|[from] Stealth Rock\n|-item|p1a: Excadrill|Air Balloon\n|\n|upkeep\n|turn|21\n|\n|t:|1791029111\n|move|p2a: Tapu Koko|U-turn|p1a: Excadrill\n|-resisted|p1a: Excadrill\n|-damage|p1a: Excadrill|86/100\n|-enditem|p1a: Excadrill|Air Balloon\n|\n|t:|1791029113\n|switch|p2a: Landorus|Landorus-Therian, M|100/100|[from] U-turn\n|-ability|p2a: Landorus|Intimidate|boost\n|-unboost|p1a: Excadrill|atk|1\n|move|p1a: Excadrill|Rapid Spin|p2a: Landorus\n|-damage|p2a: Landorus|87/100\n|-boost|p1a: Excadrill|spe|1\n|-sideend|p1: hazardeur|Spikes|[from] move: Rapid Spin|[of] p1a: Excadrill\n|-sideend|p1: hazardeur|Stealth Rock|[from] move: Rapid Spin|[of] p1a: Excadrill\n|\n|-heal|p2a: Landorus|93/100|[from] item: Leftovers\n|-fieldend|move: Electric Terrain\n|upkeep\n|turn|22\n|\n|t:|1791029129\n|switch|p1a: Rotom|Rotom-Wash|48/100\n|move|p2a: Landorus|Stealth Rock|p1a: Rotom\n|-sidestart|p1: hazardeur|move: Stealth Rock\n|\n|-heal|p1a: Rotom|54/100|[from] item: Leftovers\n|-heal|p2a: Landorus|99/100|[from] item: Leftovers\n|upkeep\n|turn|23\n|\n|t:|1791029133\n|move|p1a: Rotom|Hydro Pump|p2a: Landorus\n|-supereffective|p2a: Landorus\n|-damage|p2a: Landorus|35/100\n|move|p2a: Landorus|U-turn|p1a: Rotom\n|-damage|p1a: Rotom|32/100\n|\n|t:|1791029140\n|switch|p2a: Tapu Koko|Tapu Koko|47/100|[from] U-turn\n|-fieldstart|move: Electric Terrain|[from] ability: Electric Surge|[of] p2a: Tapu Koko\n|\n|-heal|p1a: Rotom|37/100|[from] item: Leftovers\n|upkeep\n|turn|24\n|\n|t:|1791029152\n|switch|p1a: Hippowdon|Hippowdon, M|100/100\n|-damage|p1a: Hippowdon|94/100|[from] Stealth Rock\n|-weather|Sandstorm|[from] ability: Sand Stream|[of] p1a: Hippowdon\n|move|p2a: Tapu Koko|Volt Switch|p1a: Hippowdon\n|-immune|p1a: Hippowdon\n|\n|-weather|Sandstorm|[upkeep]\n|-damage|p2a: Tapu Koko|41/100|[from] Sandstorm\n|-heal|p1a: Hippowdon|100/100|[from] item: Leftovers\n|upkeep\n|turn|25\n|\n|t:|1791029158\n|move|p2a: Tapu Koko|U-turn|p1a: Hippowdon\n|-damage|p1a: Hippowdon|90/100\n|\n|t:|1791029161\n|switch|p2a: Clefable|Clefable, M|87/100|[from] U-turn\n|move|p1a: Hippowdon|Stealth Rock|p2a: Clefable\n|-sidestart|p2: Riesen_Oschi|move: Stealth Rock\n|\n|-weather|Sandstorm|[upkeep]\n|-heal|p1a: Hippowdon|96/100|[from] item: Leftovers\n|upkeep\n|turn|26\n|\n|t:|1791029178\n|switch|p1a: Rotom|Rotom-Wash|37/100\n|-damage|p1a: Rotom|25/100|[from] Stealth Rock\n|move|p2a: Clefable|Calm Mind|p2a: Clefable\n|-boost|p2a: Clefable|spa|1\n|-boost|p2a: Clefable|spd|1\n|\n|-weather|Sandstorm|[upkeep]\n|-damage|p1a: Rotom|19/100|[from] Sandstorm\n|-heal|p1a: Rotom|25/100|[from] item: Leftovers\n|upkeep\n|turn|27\n|\n|t:|1791029185\n|move|p1a: Rotom|Thunder Wave|p2a: Clefable\n|-status|p2a: Clefable|par\n|cant|p2a: Clefable|par\n|\n|-weather|Sandstorm|[upkeep]\n|-damage|p1a: Rotom|19/100|[from] Sandstorm\n|-heal|p1a: Rotom|25/100|[from] item: Leftovers\n|-fieldend|move: Electric Terrain\n|upkeep\n|turn|28\n|\n|t:|1791029188\n|move|p1a: Rotom|Pain Split|p2a: Clefable\n|-sethp|p2a: Clefable|53/100 par|[from] move: Pain Split|[silent]\n|-sethp|p1a: Rotom|68/100|[from] move: Pain Split\n|move|p2a: Clefable|Moonblast|p1a: Rotom\n|-damage|p1a: Rotom|31/100\n|-unboost|p1a: Rotom|spa|1\n|\n|-weather|none\n|-heal|p1a: Rotom|37/100|[from] item: Leftovers\n|upkeep\n|turn|29\n|\n|t:|1791029198\n|move|p1a: Rotom|Volt Switch|p2a: Clefable\n|-damage|p2a: Clefable|42/100 par\n|\n|t:|1791029200\n|switch|p1a: Excadrill|Excadrill, M|86/100|[from] Volt Switch\n|-damage|p1a: Excadrill|83/100|[from] Stealth Rock\n|move|p2a: Clefable|Soft-Boiled|p2a: Clefable\n|-heal|p2a: Clefable|92/100 par\n|\n|upkeep\n|turn|30\n|\n|t:|1791029208\n|switch|p2a: Landorus|Landorus-Therian, M|35/100\n|-damage|p2a: Landorus|22/100|[from] Stealth Rock\n|-ability|p2a: Landorus|Intimidate|boost\n|-unboost|p1a: Excadrill|atk|1\n|move|p1a: Excadrill|Iron Head|p2a: Landorus\n|-damage|p2a: Landorus|0 fnt\n|faint|p2a: Landorus\n|\n|upkeep\n|\n|t:|1791029210\n|switch|p2a: Dragonite|Dragonite, M|100/100\n|turn|31\n|\n|t:|1791029215\n|switch|p1a: Hippowdon|Hippowdon, M|96/100\n|-damage|p1a: Hippowdon|90/100|[from] Stealth Rock\n|-weather|Sandstorm|[from] ability: Sand Stream|[of] p1a: Hippowdon\n|move|p2a: Dragonite|Dragon Dance|p2a: Dragonite\n|-boost|p2a: Dragonite|atk|1\n|-boost|p2a: Dragonite|spe|1\n|\n|-weather|Sandstorm|[upkeep]\n|-damage|p2a: Dragonite|94/100|[from] Sandstorm\n|-heal|p1a: Hippowdon|96/100|[from] item: Leftovers\n|upkeep\n|turn|32\n|\n|t:|1791029221\n|move|p2a: Dragonite|Dragon Claw|p1a: Hippowdon\n|-damage|p1a: Hippowdon|52/100\n|move|p1a: Hippowdon|Toxic|p2a: Dragonite\n|-status|p2a: Dragonite|tox\n|\n|-weather|Sandstorm|[upkeep]\n|-damage|p2a: Dragonite|88/100 tox|[from] Sandstorm\n|-heal|p1a: Hippowdon|58/100|[from] item: Leftovers\n|-damage|p2a: Dragonite|82/100 tox|[from] psn\n|upkeep\n|turn|33\n|\n|t:|1791029226\n|move|p2a: Dragonite|Dragon Claw|p1a: Hippowdon\n|-damage|p1a: Hippowdon|17/100\n|move|p1a: Hippowdon|Slack Off|p1a: Hippowdon\n|-heal|p1a: Hippowdon|67/100\n|\n|-weather|Sandstorm|[upkeep]\n|-damage|p2a: Dragonite|76/100 tox|[from] Sandstorm\n|-heal|p1a: Hippowdon|73/100|[from] item: Leftovers\n|-damage|p2a: Dragonite|64/100 tox|[from] psn\n|upkeep\n|turn|34\n|\n|t:|1791029230\n|move|p2a: Dragonite|Dragon Dance|p2a: Dragonite\n|-boost|p2a: Dragonite|atk|1\n|-boost|p2a: Dragonite|spe|1\n|move|p1a: Hippowdon|Slack Off|p1a: Hippowdon\n|-heal|p1a: Hippowdon|100/100\n|\n|-weather|Sandstorm|[upkeep]\n|-damage|p2a: Dragonite|58/100 tox|[from] Sandstorm\n|-damage|p2a: Dragonite|40/100 tox|[from] psn\n|upkeep\n|turn|35\n|\n|t:|1791029233\n|switch|p1a: Ferrothorn|Ferrothorn, F|90/100\n|-damage|p1a: Ferrothorn|84/100|[from] Stealth Rock\n|move|p2a: Dragonite|Roost|p2a: Dragonite\n|-heal|p2a: Dragonite|91/100 tox\n|-singleturn|p2a: Dragonite|move: Roost\n|\n|-weather|none\n|-heal|p1a: Ferrothorn|90/100|[from] item: Leftovers\n|-damage|p2a: Dragonite|67/100 tox|[from] psn\n|upkeep\n|turn|36\n|\n|t:|1791029240\n|switch|p2a: Magnezone|Magnezone|100/100\n|-damage|p2a: Magnezone|88/100|[from] Spikes\n|-damage|p2a: Magnezone|82/100|[from] Stealth Rock\n|move|p1a: Ferrothorn|Leech Seed|p2a: Magnezone|[miss]\n|-miss|p1a: Ferrothorn|p2a: Magnezone\n|\n|-heal|p1a: Ferrothorn|96/100|[from] item: Leftovers\n|upkeep\n|turn|37\n|\n|t:|1791029254\n|move|p2a: Magnezone|Volt Switch|p1a: Ferrothorn\n|-resisted|p1a: Ferrothorn\n|-damage|p1a: Ferrothorn|72/100\n|\n|t:|1791029256\n|switch|p2a: Tapu Koko|Tapu Koko|41/100|[from] Volt Switch\n|-fieldstart|move: Electric Terrain|[from] ability: Electric Surge|[of] p2a: Tapu Koko\n|move|p1a: Ferrothorn|Leech Seed|p2a: Tapu Koko\n|-start|p2a: Tapu Koko|move: Leech Seed\n|\n|-heal|p1a: Ferrothorn|78/100|[from] item: Leftovers\n|-damage|p2a: Tapu Koko|29/100|[from] Leech Seed|[of] p1a: Ferrothorn\n|-heal|p1a: Ferrothorn|88/100|[silent]\n|upkeep\n|turn|38\n|c|\u2606Riesen_Oschi|gg\n|c|\u2606hazardeur|gg\n|-message|Riesen_Oschi forfeited.\n|\n|win|hazardeur\n|player|p2|\n", "uploadtime": 1791029263, "views": "52", "formatid": "gen8ou", "rating": null, "private": 0, "password": null}