{"id": "smogtours-gen8ou-975388", "format": "[Gen 8] OU", "players": ["jojen1", "tokyo prison"], "log": "|inactive|Battle timer is ON: inactive players will automatically lose when time's up.\n|t:|1790600671\n|gametype|singles\n|player|p1|jojen1|#fcl14guardians|\n|player|p2|tokyo prison|#adpl9|\n|gen|8\n|tier|[Gen 8] OU\n|rule|HP Percentage Mod: HP is shown in percentages\n|rule|Endless Battle Clause: Forcing endless battles is banned\n|rule|Sleep Clause Mod: Limit one foe put to sleep\n|rule|Species Clause: Limit one of each Pok\u00e9mon\n|rule|OHKO Clause: OHKO moves are banned\n|rule|Evasion Items Clause: Evasion items are banned\n|rule|Evasion Moves Clause: Evasion moves are banned\n|rule|Dynamax Clause: You cannot dynamax\n|clearpoke\n|poke|p1|Tyranitar, M|\n|poke|p1|Zapdos|\n|poke|p1|Tapu Lele|\n|poke|p1|Ferrothorn, F|\n|poke|p1|Excadrill, F|\n|poke|p1|Rotom-Wash|\n|poke|p2|Tapu Koko|\n|poke|p2|Weavile, M|\n|poke|p2|Landorus-Therian, M|\n|poke|p2|Ferrothorn, F|\n|poke|p2|Slowbro, F|\n|poke|p2|Kartana|\n|teampreview\n|inactive|jojen1 has 270 seconds left.\n|inactive|tokyo prison has 270 seconds left.\n|\n|t:|1790600709\n|teamsize|p1|6\n|teamsize|p2|6\n|start\n|switch|p1a: Rotom|Rotom-Wash|100/100\n|switch|p2a: Ferrothorn|Ferrothorn, F|100/100\n|turn|1\n|\n|t:|1790600715\n|move|p1a: Rotom|Volt Switch|p2a: Ferrothorn\n|-resisted|p2a: Ferrothorn\n|-damage|p2a: Ferrothorn|90/100\n|\n|t:|1790600717\n|switch|p1a: Ferrothorn|Ferrothorn, F|100/100|[from] Volt Switch\n|move|p2a: Ferrothorn|Spikes|p1a: Ferrothorn\n|-sidestart|p1: jojen1|Spikes\n|\n|upkeep\n|turn|2\n|\n|t:|1790600724\n|move|p1a: Ferrothorn|Stealth Rock|p2a: Ferrothorn\n|-sidestart|p2: tokyo prison|move: Stealth Rock\n|move|p2a: Ferrothorn|Body Press|p1a: Ferrothorn\n|-supereffective|p1a: Ferrothorn\n|-damage|p1a: Ferrothorn|59/100\n|-damage|p2a: Ferrothorn|78/100|[from] ability: Iron Barbs|[of] p1a: Ferrothorn\n|\n|-heal|p1a: Ferrothorn|65/100|[from] item: Leftovers\n|upkeep\n|turn|3\n|\n|t:|1790600731\n|switch|p1a: Zapdos|Zapdos|100/100\n|move|p2a: Ferrothorn|Spikes|p1a: Zapdos\n|-sidestart|p1: jojen1|Spikes\n|\n|upkeep\n|turn|4\n|\n|t:|1790600738\n|switch|p2a: Landorus|Landorus-Therian, M|100/100\n|-damage|p2a: Landorus|88/100|[from] Stealth Rock\n|-ability|p2a: Landorus|Intimidate|boost\n|-unboost|p1a: Zapdos|atk|1\n|move|p1a: Zapdos|Heat Wave|p2a: Landorus\n|-crit|p2a: Landorus\n|-damage|p2a: Landorus|57/100\n|\n|-heal|p2a: Landorus|63/100|[from] item: Leftovers\n|upkeep\n|turn|5\n|\n|t:|1790600746\n|move|p1a: Zapdos|Hurricane|p2a: Landorus\n|-damage|p2a: Landorus|26/100\n|-start|p2a: Landorus|confusion\n|-activate|p2a: Landorus|confusion\n|move|p2a: Landorus|Toxic|p1a: Zapdos\n|-status|p1a: Zapdos|tox\n|\n|-heal|p2a: Landorus|32/100|[from] item: Leftovers\n|-damage|p1a: Zapdos|94/100 tox|[from] psn\n|upkeep\n|turn|6\n|\n|t:|1790600756\n|switch|p2a: Slowbro|Slowbro, F|100/100\n|move|p1a: Zapdos|Hurricane|p2a: Slowbro\n|-damage|p2a: Slowbro|58/100\n|\n|-damage|p1a: Zapdos|82/100 tox|[from] psn\n|upkeep\n|turn|7\n|\n|t:|1790600760\n|switch|p1a: Rotom|Rotom-Wash|100/100\n|switch|p2a: Landorus|Landorus-Therian, M|32/100\n|-damage|p2a: Landorus|20/100|[from] Stealth Rock\n|-ability|p2a: Landorus|Intimidate|boost\n|-unboost|p1a: Rotom|atk|1\n|\n|-heal|p2a: Landorus|26/100|[from] item: Leftovers\n|upkeep\n|turn|8\n|\n|t:|1790600767\n|switch|p2a: Ferrothorn|Ferrothorn, F|78/100\n|-damage|p2a: Ferrothorn|72/100|[from] Stealth Rock\n|move|p1a: Rotom|Hydro Pump|p2a: Ferrothorn|[miss]\n|-miss|p1a: Rotom|p2a: Ferrothorn\n|\n|upkeep\n|turn|9\n|\n|t:|1790600774\n|move|p1a: Rotom|Volt Switch|p2a: Ferrothorn\n|-resisted|p2a: Ferrothorn\n|-damage|p2a: Ferrothorn|61/100\n|\n|t:|1790600781\n|switch|p1a: Zapdos|Zapdos|82/100 tox|[from] Volt Switch\n|move|p2a: Ferrothorn|Leech Seed|p1a: Zapdos\n|-start|p1a: Zapdos|move: Leech Seed\n|\n|-damage|p1a: Zapdos|69/100 tox|[from] Leech Seed|[of] p2a: Ferrothorn\n|-heal|p2a: Ferrothorn|72/100|[silent]\n|-damage|p1a: Zapdos|63/100 tox|[from] psn\n|upkeep\n|turn|10\n|\n|t:|1790600787\n|switch|p1a: Tapu Lele|Tapu Lele|100/100\n|-damage|p1a: Tapu Lele|84/100|[from] Spikes\n|-fieldstart|move: Psychic Terrain|[from] ability: Psychic Surge|[of] p1a: Tapu Lele\n|switch|p2a: Slowbro|Slowbro, F|92/100\n|\n|upkeep\n|turn|11\n|\n|t:|1790600797\n|move|p1a: Tapu Lele|Moonblast|p2a: Slowbro\n|-damage|p2a: Slowbro|52/100\n|move|p2a: Slowbro|Teleport|p2a: Slowbro\n|\n|t:|1790600811\n|switch|p2a: Ferrothorn|Ferrothorn, F|72/100|[from] Teleport\n|-damage|p2a: Ferrothorn|66/100|[from] Stealth Rock\n|\n|upkeep\n|turn|12\n|\n|t:|1790600820\n|move|p1a: Tapu Lele|Focus Blast|p2a: Ferrothorn\n|-supereffective|p2a: Ferrothorn\n|-damage|p2a: Ferrothorn|0 fnt\n|faint|p2a: Ferrothorn\n|\n|upkeep\n|\n|t:|1790600823\n|switch|p2a: Kartana|Kartana|100/100\n|-damage|p2a: Kartana|94/100|[from] Stealth Rock\n|turn|13\n|\n|t:|1790600830\n|switch|p1a: Tyranitar|Tyranitar, M|100/100\n|-damage|p1a: Tyranitar|84/100|[from] Spikes\n|-weather|Sandstorm|[from] ability: Sand Stream|[of] p1a: Tyranitar\n|move|p2a: Kartana|Knock Off|p1a: Tyranitar\n|-resisted|p1a: Tyranitar\n|-damage|p1a: Tyranitar|52/100\n|-enditem|p1a: Tyranitar|Choice Band|[from] move: Knock Off|[of] p2a: Kartana\n|\n|-weather|Sandstorm|[upkeep]\n|upkeep\n|turn|14\n|\n|t:|1790600840\n|switch|p2a: Tapu Koko|Tapu Koko|100/100\n|-fieldstart|move: Electric Terrain|[from] ability: Electric Surge|[of] p2a: Tapu Koko\n|move|p1a: Tyranitar|Stone Edge|p2a: Tapu Koko\n|-damage|p2a: Tapu Koko|14/100\n|\n|-weather|Sandstorm|[upkeep]\n|-damage|p2a: Tapu Koko|8/100|[from] Sandstorm\n|upkeep\n|turn|15\n|\n|t:|1790600851\n|switch|p2a: Kartana|Kartana|94/100\n|-damage|p2a: Kartana|88/100|[from] Stealth Rock\n|switch|p1a: Excadrill|Excadrill, F|100/100\n|-damage|p1a: Excadrill|84/100|[from] Spikes\n|\n|-weather|Sandstorm|[upkeep]\n|-heal|p1a: Excadrill|90/100|[from] item: Leftovers\n|upkeep\n|turn|16\n|\n|t:|1790600859\n|switch|p1a: Zapdos|Zapdos|63/100 tox\n|move|p2a: Kartana|Knock Off|p1a: Zapdos\n|-damage|p1a: Zapdos|0 fnt\n|-status|p2a: Kartana|par|[from] ability: Static|[of] p1a: Zapdos\n|-enditem|p1a: Zapdos|Heavy-Duty Boots|[from] move: Knock Off|[of] p2a: Kartana\n|faint|p1a: Zapdos\n|-ability|p2a: Kartana|Beast Boost|boost\n|-boost|p2a: Kartana|atk|1\n|\n|-weather|Sandstorm|[upkeep]\n|upkeep\n|\n|t:|1790600881\n|switch|p1a: Tapu Lele|Tapu Lele|84/100\n|-damage|p1a: Tapu Lele|68/100|[from] Spikes\n|-fieldstart|move: Psychic Terrain|[from] ability: Psychic Surge|[of] p1a: Tapu Lele\n|turn|17\n|\n|t:|1790600895\n|switch|p2a: Slowbro|Slowbro, F|85/100\n|move|p1a: Tapu Lele|Moonblast|p2a: Slowbro\n|-damage|p2a: Slowbro|43/100\n|-unboost|p2a: Slowbro|spa|1\n|\n|-weather|none\n|upkeep\n|turn|18\n|\n|t:|1790600910\n|move|p1a: Tapu Lele|Moonblast|p2a: Slowbro\n|-damage|p2a: Slowbro|2/100\n|move|p2a: Slowbro|Slack Off|p2a: Slowbro\n|-heal|p2a: Slowbro|52/100\n|\n|upkeep\n|turn|19\n|\n|t:|1790600917\n|move|p1a: Tapu Lele|Moonblast|p2a: Slowbro\n|-damage|p2a: Slowbro|9/100\n|-unboost|p2a: Slowbro|spa|1\n|move|p2a: Slowbro|Teleport|p2a: Slowbro\n|\n|t:|1790600927\n|switch|p2a: Weavile|Weavile, M|100/100|[from] Teleport\n|-ability|p2a: Weavile|Pressure\n|\n|upkeep\n|turn|20\n|\n|t:|1790600944\n|switch|p1a: Ferrothorn|Ferrothorn, F|65/100\n|-damage|p1a: Ferrothorn|49/100|[from] Spikes\n|move|p2a: Weavile|Knock Off|p1a: Ferrothorn\n|-damage|p1a: Ferrothorn|14/100\n|-damage|p2a: Weavile|88/100|[from] ability: Iron Barbs|[of] p1a: Ferrothorn\n|-enditem|p1a: Ferrothorn|Leftovers|[from] move: Knock Off|[of] p2a: Weavile\n|\n|upkeep\n|turn|21\n|\n|t:|1790600951\n|move|p2a: Weavile|Knock Off|p1a: Ferrothorn\n|-damage|p1a: Ferrothorn|0 fnt\n|-damage|p2a: Weavile|76/100|[from] ability: Iron Barbs|[of] p1a: Ferrothorn\n|faint|p1a: Ferrothorn\n|\n|-fieldend|move: Psychic Terrain\n|upkeep\n|\n|t:|1790600971\n|switch|p1a: Tyranitar|Tyranitar, M|52/100\n|-damage|p1a: Tyranitar|36/100|[from] Spikes\n|-weather|Sandstorm|[from] ability: Sand Stream|[of] p1a: Tyranitar\n|turn|22\n|\n|t:|1790600984\n|switch|p1a: Rotom|Rotom-Wash|100/100\n|move|p2a: Weavile|Triple Axel|p1a: Rotom\n|-resisted|p1a: Rotom\n|-damage|p1a: Rotom|95/100\n|-damage|p2a: Weavile|59/100|[from] item: Rocky Helmet|[of] p1a: Rotom\n|-resisted|p1a: Rotom\n|-damage|p1a: Rotom|84/100\n|-damage|p2a: Weavile|43/100|[from] item: Rocky Helmet|[of] p1a: Rotom\n|-resisted|p1a: Rotom\n|-crit|p1a: Rotom\n|-damage|p1a: Rotom|59/100\n|-damage|p2a: Weavile|26/100|[from] item: Rocky Helmet|[of] p1a: Rotom\n|-hitcount|p1a: Rotom|3\n|\n|-weather|Sandstorm|[upkeep]\n|-damage|p2a: Weavile|20/100|[from] Sandstorm\n|-damage|p1a: Rotom|53/100|[from] Sandstorm\n|upkeep\n|turn|23\n|\n|t:|1790600997\n|switch|p2a: Tapu Koko|Tapu Koko|8/100\n|-fieldstart|move: Electric Terrain|[from] ability: Electric Surge|[of] p2a: Tapu Koko\n|move|p1a: Rotom|Volt Switch|p2a: Tapu Koko\n|-resisted|p2a: Tapu Koko\n|-damage|p2a: Tapu Koko|0 fnt\n|faint|p2a: Tapu Koko\n|\n|t:|1790601005\n|switch|p1a: Excadrill|Excadrill, F|90/100|[from] Volt Switch\n|-damage|p1a: Excadrill|73/100|[from] Spikes\n|\n|-weather|Sandstorm|[upkeep]\n|-heal|p1a: Excadrill|79/100|[from] item: Leftovers\n|upkeep\n|\n|t:|1790601007\n|switch|p2a: Kartana|Kartana|88/100 par\n|-damage|p2a: Kartana|82/100 par|[from] Stealth Rock\n|turn|24\n|\n|t:|1790601019\n|move|p1a: Excadrill|Rapid Spin|p2a: Kartana\n|-resisted|p2a: Kartana\n|-damage|p2a: Kartana|72/100 par\n|-boost|p1a: Excadrill|spe|1\n|-sideend|p1: jojen1|Spikes|[from] move: Rapid Spin|[of] p1a: Excadrill\n|move|p2a: Kartana|Leaf Blade|p1a: Excadrill\n|-damage|p1a: Excadrill|0 fnt\n|faint|p1a: Excadrill\n|-ability|p2a: Kartana|Beast Boost|boost\n|-boost|p2a: Kartana|atk|1\n|\n|-weather|Sandstorm|[upkeep]\n|upkeep\n|\n|t:|1790601023\n|switch|p1a: Tapu Lele|Tapu Lele|68/100\n|-fieldstart|move: Psychic Terrain|[from] ability: Psychic Surge|[of] p1a: Tapu Lele\n|turn|25\n|\n|t:|1790601032\n|switch|p2a: Landorus|Landorus-Therian, M|26/100\n|-damage|p2a: Landorus|13/100|[from] Stealth Rock\n|-ability|p2a: Landorus|Intimidate|boost\n|-unboost|p1a: Tapu Lele|atk|1\n|move|p1a: Tapu Lele|Moonblast|p2a: Landorus\n|-damage|p2a: Landorus|0 fnt\n|faint|p2a: Landorus\n|\n|-weather|Sandstorm|[upkeep]\n|-damage|p1a: Tapu Lele|62/100|[from] Sandstorm\n|upkeep\n|\n|t:|1790601035\n|switch|p2a: Weavile|Weavile, M|20/100\n|-ability|p2a: Weavile|Pressure\n|turn|26\n|\n|t:|1790601040\n|move|p2a: Weavile|Knock Off|p1a: Tapu Lele\n|-damage|p1a: Tapu Lele|0 fnt\n|-enditem|p1a: Tapu Lele|Twisted Spoon|[from] move: Knock Off|[of] p2a: Weavile\n|faint|p1a: Tapu Lele\n|\n|-weather|none\n|upkeep\n|\n|t:|1790601044\n|switch|p1a: Tyranitar|Tyranitar, M|36/100\n|-weather|Sandstorm|[from] ability: Sand Stream|[of] p1a: Tyranitar\n|turn|27\n|\n|t:|1790601061\n|switch|p2a: Slowbro|Slowbro, F|43/100\n|move|p1a: Tyranitar|Crunch|p2a: Slowbro\n|-supereffective|p2a: Slowbro\n|-damage|p2a: Slowbro|0 fnt\n|faint|p2a: Slowbro\n|\n|-weather|Sandstorm|[upkeep]\n|upkeep\n|\n|t:|1790601078\n|switch|p2a: Weavile|Weavile, M|20/100\n|-ability|p2a: Weavile|Pressure\n|turn|28\n|\n|t:|1790601084\n|move|p2a: Weavile|Knock Off|p1a: Tyranitar\n|-resisted|p1a: Tyranitar\n|-damage|p1a: Tyranitar|20/100\n|move|p1a: Tyranitar|Superpower|p2a: Weavile\n|-supereffective|p2a: Weavile\n|-damage|p2a: Weavile|0 fnt\n|-unboost|p1a: Tyranitar|atk|1\n|-unboost|p1a: Tyranitar|def|1\n|faint|p2a: Weavile\n|\n|-weather|Sandstorm|[upkeep]\n|upkeep\n|\n|t:|1790601086\n|switch|p2a: Kartana|Kartana|72/100 par\n|-damage|p2a: Kartana|66/100 par|[from] Stealth Rock\n|turn|29\n|\n|t:|1790601089\n|move|p1a: Tyranitar|Superpower|p2a: Kartana\n|-supereffective|p2a: Kartana\n|-damage|p2a: Kartana|4/100 par\n|-unboost|p1a: Tyranitar|atk|1\n|-unboost|p1a: Tyranitar|def|1\n|cant|p2a: Kartana|par\n|\n|-weather|Sandstorm|[upkeep]\n|-fieldend|move: Psychic Terrain\n|upkeep\n|turn|30\n|\n|t:|1790601092\n|move|p1a: Tyranitar|Superpower|p2a: Kartana\n|-supereffective|p2a: Kartana\n|-damage|p2a: Kartana|0 fnt\n|-unboost|p1a: Tyranitar|atk|1\n|-unboost|p1a: Tyranitar|def|1\n|faint|p2a: Kartana\n|\n|win|jojen1\n", "uploadtime": 1790601092, "views": "215", "formatid": "gen8ou", "rating": null, "private": 0, "password": null}