{"id": "smogtours-gen8ou-977310", "format": "[Gen 8] OU", "players": ["egalvanc", "A daydream"], "log": "|inactive|Battle timer is ON: inactive players will automatically lose when time's up.\n|t:|1791302708\n|gametype|singles\n|player|p1|egalvanc|hilbert|\n|player|p2|A daydream|266|\n|gen|8\n|tier|[Gen 8] OU\n|rule|HP Percentage Mod: HP is shown in percentages\n|rule|Endless Battle Clause: Forcing endless battles is banned\n|rule|Sleep Clause Mod: Limit one foe put to sleep\n|rule|Species Clause: Limit one of each Pok\u00e9mon\n|rule|OHKO Clause: OHKO moves are banned\n|rule|Evasion Items Clause: Evasion items are banned\n|rule|Evasion Moves Clause: Evasion moves are banned\n|rule|Dynamax Clause: You cannot dynamax\n|clearpoke\n|poke|p1|Zapdos|\n|poke|p1|Heatran, F|\n|poke|p1|Slowbro, M|\n|poke|p1|Tornadus-Therian, M|\n|poke|p1|Nidoking, M|\n|poke|p1|Clefable, F|\n|poke|p2|Corviknight, F|\n|poke|p2|Rillaboom, F|\n|poke|p2|Urshifu-*, F|\n|poke|p2|Weavile, M|\n|poke|p2|Slowking-Galar, M|\n|poke|p2|Garchomp, M|\n|teampreview\n|c|\u2606A daydream|Hf\n|\n|t:|1791302729\n|teamsize|p1|6\n|teamsize|p2|6\n|start\n|switch|p1a: Clefable|Clefable, F|100/100\n|switch|p2a: Ragnarock|Garchomp, M, shiny|100/100\n|turn|1\n|\n|t:|1791302735\n|switch|p2a: Nether|Slowking-Galar, M, shiny|100/100\n|move|p1a: Clefable|Knock Off|p2a: Nether\n|-supereffective|p2a: Nether\n|-damage|p2a: Nether|71/100\n|-enditem|p2a: Nether|Assault Vest|[from] move: Knock Off|[of] p1a: Clefable\n|\n|upkeep\n|turn|2\n|\n|t:|1791302744\n|switch|p1a: Heatran|Heatran, F|100/100\n|move|p2a: Nether|Future Sight|p1a: Heatran\n|-start|p2a: Nether|move: Future Sight\n|\n|upkeep\n|turn|3\n|\n|t:|1791302748\n|switch|p2a: Ragnarock|Garchomp, M, shiny|100/100\n|move|p1a: Heatran|Magma Storm|p2a: Ragnarock|[miss]\n|-miss|p1a: Heatran|p2a: Ragnarock\n|\n|upkeep\n|turn|4\n|\n|t:|1791302753\n|switch|p1a: Slowbro|Slowbro, M|100/100\n|move|p2a: Ragnarock|Stealth Rock|p1a: Slowbro\n|-sidestart|p1: egalvanc|move: Stealth Rock\n|\n|-end|p1a: Slowbro|move: Future Sight\n|-resisted|p1a: Slowbro\n|-damage|p1a: Slowbro|76/100\n|upkeep\n|turn|5\n|\n|t:|1791302756\n|move|p2a: Ragnarock|Toxic|p1a: Slowbro\n|-status|p1a: Slowbro|tox\n|move|p1a: Slowbro|Ice Beam|p2a: Ragnarock\n|-supereffective|p2a: Ragnarock\n|-damage|p2a: Ragnarock|47/100\n|\n|-heal|p2a: Ragnarock|53/100|[from] item: Leftovers\n|-damage|p1a: Slowbro|70/100 tox|[from] psn\n|upkeep\n|turn|6\n|\n|t:|1791302766\n|move|p2a: Ragnarock|Protect|p2a: Ragnarock\n|-singleturn|p2a: Ragnarock|Protect\n|move|p1a: Slowbro|Teleport|p1a: Slowbro\n|\n|t:|1791302769\n|switch|p1a: Clefable|Clefable, F|100/100|[from] Teleport\n|\n|-heal|p2a: Ragnarock|60/100|[from] item: Leftovers\n|upkeep\n|turn|7\n|\n|t:|1791302775\n|switch|p2a: Nether|Slowking-Galar, M, shiny|100/100\n|move|p1a: Clefable|Stealth Rock|p2a: Nether\n|-sidestart|p2: A daydream|move: Stealth Rock\n|\n|upkeep\n|turn|8\n|\n|t:|1791302793\n|switch|p1a: Slowbro|Slowbro, M|100/100 tox\n|move|p2a: Nether|Scald|p1a: Slowbro\n|-resisted|p1a: Slowbro\n|-damage|p1a: Slowbro|90/100 tox\n|\n|-damage|p1a: Slowbro|84/100 tox|[from] psn\n|upkeep\n|turn|9\n|\n|t:|1791302798\n|move|p2a: Nether|Future Sight|p1a: Slowbro\n|-start|p2a: Nether|move: Future Sight\n|move|p1a: Slowbro|Thunder Wave|p2a: Nether\n|-status|p2a: Nether|par\n|\n|-damage|p1a: Slowbro|72/100 tox|[from] psn\n|upkeep\n|turn|10\n|\n|t:|1791302804\n|move|p2a: Nether|Sludge Bomb|p1a: Slowbro\n|-damage|p1a: Slowbro|39/100 tox\n|move|p1a: Slowbro|Teleport|p1a: Slowbro\n|\n|t:|1791302806\n|switch|p1a: Heatran|Heatran, F|100/100|[from] Teleport\n|-damage|p1a: Heatran|88/100|[from] Stealth Rock\n|\n|-heal|p1a: Heatran|94/100|[from] item: Leftovers\n|upkeep\n|turn|11\n|\n|t:|1791302812\n|switch|p2a: Ragnarock|Garchomp, M, shiny|60/100\n|-damage|p2a: Ragnarock|53/100|[from] Stealth Rock\n|move|p1a: Heatran|Magma Storm|p2a: Ragnarock\n|-resisted|p2a: Ragnarock\n|-damage|p2a: Ragnarock|39/100\n|-activate|p2a: Ragnarock|move: Magma Storm|[of] p1a: Heatran\n|\n|-end|p1a: Heatran|move: Future Sight\n|-resisted|p1a: Heatran\n|-damage|p1a: Heatran|80/100\n|-heal|p2a: Ragnarock|45/100|[from] item: Leftovers\n|-heal|p1a: Heatran|86/100|[from] item: Leftovers\n|-damage|p2a: Ragnarock|33/100|[from] move: Magma Storm|[partiallytrapped]\n|upkeep\n|turn|12\n|\n|t:|1791302815\n|move|p1a: Heatran|Protect|p1a: Heatran\n|-singleturn|p1a: Heatran|Protect\n|move|p2a: Ragnarock|Earthquake|p1a: Heatran\n|-activate|p1a: Heatran|move: Protect\n|\n|-heal|p2a: Ragnarock|39/100|[from] item: Leftovers\n|-heal|p1a: Heatran|92/100|[from] item: Leftovers\n|-damage|p2a: Ragnarock|27/100|[from] move: Magma Storm|[partiallytrapped]\n|upkeep\n|turn|13\n|\n|t:|1791302822\n|switch|p1a: Slowbro|Slowbro, M|72/100 tox\n|move|p2a: Ragnarock|Earthquake|p1a: Slowbro\n|-damage|p1a: Slowbro|44/100 tox\n|\n|-heal|p2a: Ragnarock|33/100|[from] item: Leftovers\n|-damage|p1a: Slowbro|38/100 tox|[from] psn\n|-end|p2a: Ragnarock|Magma Storm|[partiallytrapped]|[silent]\n|upkeep\n|turn|14\n|\n|t:|1791302826\n|switch|p1a: Tornadus|Tornadus-Therian, M|100/100\n|move|p2a: Ragnarock|Toxic|p1a: Tornadus\n|-status|p1a: Tornadus|tox\n|\n|-heal|p2a: Ragnarock|39/100|[from] item: Leftovers\n|-damage|p1a: Tornadus|94/100 tox|[from] psn\n|upkeep\n|turn|15\n|\n|t:|1791302829\n|move|p2a: Ragnarock|Protect|p2a: Ragnarock\n|-singleturn|p2a: Ragnarock|Protect\n|move|p1a: Tornadus|Hurricane|p2a: Ragnarock\n|-activate|p2a: Ragnarock|move: Protect\n|\n|-heal|p2a: Ragnarock|45/100|[from] item: Leftovers\n|-damage|p1a: Tornadus|82/100 tox|[from] psn\n|upkeep\n|turn|16\n|\n|t:|1791302836\n|switch|p1a: Slowbro|Slowbro, M|71/100 tox\n|switch|p2a: Nether|Slowking-Galar, M, shiny|100/100 par\n|-damage|p2a: Nether|88/100 par|[from] Stealth Rock\n|\n|-damage|p1a: Slowbro|65/100 tox|[from] psn\n|upkeep\n|turn|17\n|\n|t:|1791302839\n|move|p2a: Nether|Scald|p1a: Slowbro\n|-resisted|p1a: Slowbro\n|-damage|p1a: Slowbro|54/100 tox\n|move|p1a: Slowbro|Teleport|p1a: Slowbro\n|\n|t:|1791302849\n|switch|p1a: Heatran|Heatran, F|92/100|[from] Teleport\n|-damage|p1a: Heatran|80/100|[from] Stealth Rock\n|\n|-heal|p1a: Heatran|86/100|[from] item: Leftovers\n|upkeep\n|turn|18\n|\n|t:|1791302858\n|switch|p2a: Ragnarock|Garchomp, M, shiny|45/100\n|-damage|p2a: Ragnarock|39/100|[from] Stealth Rock\n|move|p1a: Heatran|Magma Storm|p2a: Ragnarock\n|-resisted|p2a: Ragnarock\n|-damage|p2a: Ragnarock|24/100\n|-activate|p2a: Ragnarock|move: Magma Storm|[of] p1a: Heatran\n|\n|-heal|p2a: Ragnarock|30/100|[from] item: Leftovers\n|-heal|p1a: Heatran|92/100|[from] item: Leftovers\n|-damage|p2a: Ragnarock|18/100|[from] move: Magma Storm|[partiallytrapped]\n|upkeep\n|turn|19\n|\n|t:|1791302865\n|move|p1a: Heatran|Protect|p1a: Heatran\n|-singleturn|p1a: Heatran|Protect\n|move|p2a: Ragnarock|Earthquake|p1a: Heatran\n|-activate|p1a: Heatran|move: Protect\n|\n|-heal|p2a: Ragnarock|24/100|[from] item: Leftovers\n|-heal|p1a: Heatran|98/100|[from] item: Leftovers\n|-damage|p2a: Ragnarock|12/100|[from] move: Magma Storm|[partiallytrapped]\n|upkeep\n|turn|20\n|\n|t:|1791302881\n|switch|p1a: Tornadus|Tornadus-Therian, M|100/100 tox\n|move|p2a: Ragnarock|Earthquake|p1a: Tornadus\n|-immune|p1a: Tornadus\n|\n|-heal|p2a: Ragnarock|18/100|[from] item: Leftovers\n|-damage|p1a: Tornadus|94/100 tox|[from] psn\n|-end|p2a: Ragnarock|Magma Storm|[partiallytrapped]|[silent]\n|upkeep\n|turn|21\n|\n|t:|1791302886\n|move|p2a: Ragnarock|Protect|p2a: Ragnarock\n|-singleturn|p2a: Ragnarock|Protect\n|move|p1a: Tornadus|Hurricane|p2a: Ragnarock\n|-activate|p2a: Ragnarock|move: Protect\n|\n|-heal|p2a: Ragnarock|24/100|[from] item: Leftovers\n|-damage|p1a: Tornadus|82/100 tox|[from] psn\n|upkeep\n|turn|22\n|\n|t:|1791302893\n|switch|p2a: Yagami|Corviknight, F, shiny|100/100\n|-damage|p2a: Yagami|88/100|[from] Stealth Rock\n|-ability|p2a: Yagami|Pressure\n|move|p1a: Tornadus|Hurricane|p2a: Yagami\n|-resisted|p2a: Yagami\n|-damage|p2a: Yagami|70/100\n|-start|p2a: Yagami|confusion\n|\n|-damage|p1a: Tornadus|64/100 tox|[from] psn\n|upkeep\n|turn|23\n|\n|t:|1791302900\n|move|p1a: Tornadus|Heat Wave|p2a: Yagami\n|-supereffective|p2a: Yagami\n|-damage|p2a: Yagami|27/100\n|-activate|p2a: Yagami|confusion\n|move|p2a: Yagami|U-turn|p1a: Tornadus\n|-resisted|p1a: Tornadus\n|-damage|p1a: Tornadus|56/100 tox\n|\n|t:|1791302911\n|switch|p2a: Bandit|Weavile, M|100/100|[from] U-turn\n|-damage|p2a: Bandit|76/100|[from] Stealth Rock\n|-ability|p2a: Bandit|Pressure\n|\n|-damage|p1a: Tornadus|32/100 tox|[from] psn\n|upkeep\n|turn|24\n|\n|t:|1791302921\n|switch|p1a: Clefable|Clefable, F|100/100\n|move|p2a: Bandit|Knock Off|p1a: Clefable\n|-resisted|p1a: Clefable\n|-damage|p1a: Clefable|71/100\n|-damage|p2a: Bandit|59/100|[from] item: Rocky Helmet|[of] p1a: Clefable\n|-enditem|p1a: Clefable|Rocky Helmet|[from] move: Knock Off|[of] p2a: Bandit\n|\n|upkeep\n|turn|25\n|\n|t:|1791302930\n|switch|p2a: Yagami|Corviknight, F, shiny|27/100\n|-damage|p2a: Yagami|14/100|[from] Stealth Rock\n|-ability|p2a: Yagami|Pressure\n|move|p1a: Clefable|Soft-Boiled|p1a: Clefable\n|-heal|p1a: Clefable|100/100\n|\n|upkeep\n|turn|26\n|\n|t:|1791302935\n|switch|p1a: Heatran|Heatran, F|98/100\n|-damage|p1a: Heatran|86/100|[from] Stealth Rock\n|move|p2a: Yagami|Roost|p2a: Yagami\n|-heal|p2a: Yagami|64/100\n|-singleturn|p2a: Yagami|move: Roost\n|\n|-heal|p1a: Heatran|92/100|[from] item: Leftovers\n|upkeep\n|turn|27\n|\n|t:|1791302941\n|move|p1a: Heatran|Magma Storm|p2a: Yagami\n|-supereffective|p2a: Yagami\n|-damage|p2a: Yagami|0 fnt\n|faint|p2a: Yagami\n|\n|-heal|p1a: Heatran|98/100|[from] item: Leftovers\n|upkeep\n|\n|t:|1791302950\n|switch|p2a: Warpath|Urshifu-Rapid-Strike, F|100/100\n|-damage|p2a: Warpath|94/100|[from] Stealth Rock\n|turn|28\n|\n|t:|1791302956\n|switch|p1a: Slowbro|Slowbro, M|87/100 tox\n|move|p2a: Warpath|Surging Strikes|p1a: Slowbro\n|-resisted|p1a: Slowbro\n|-crit|p1a: Slowbro\n|-damage|p1a: Slowbro|78/100 tox\n|-resisted|p1a: Slowbro\n|-crit|p1a: Slowbro\n|-damage|p1a: Slowbro|68/100 tox\n|-resisted|p1a: Slowbro\n|-crit|p1a: Slowbro\n|-damage|p1a: Slowbro|59/100 tox\n|-hitcount|p1a: Slowbro|3\n|\n|-damage|p1a: Slowbro|52/100 tox|[from] psn\n|upkeep\n|turn|29\n|\n|t:|1791302968\n|move|p2a: Warpath|Surging Strikes|p1a: Slowbro\n|-resisted|p1a: Slowbro\n|-crit|p1a: Slowbro\n|-damage|p1a: Slowbro|44/100 tox\n|-resisted|p1a: Slowbro\n|-crit|p1a: Slowbro\n|-damage|p1a: Slowbro|34/100 tox\n|-resisted|p1a: Slowbro\n|-crit|p1a: Slowbro\n|-damage|p1a: Slowbro|24/100 tox\n|-hitcount|p1a: Slowbro|3\n|move|p1a: Slowbro|Teleport|p1a: Slowbro\n|\n|t:|1791302983\n|switch|p1a: Zapdos|Zapdos|100/100|[from] Teleport\n|\n|upkeep\n|turn|30\n|\n|t:|1791302989\n|switch|p2a: Nether|Slowking-Galar, M, shiny|100/100 par\n|-damage|p2a: Nether|88/100 par|[from] Stealth Rock\n|move|p1a: Zapdos|Hurricane|p2a: Nether\n|-damage|p2a: Nether|55/100 par\n|\n|upkeep\n|turn|31\n|\n|t:|1791303019\n|switch|p1a: Heatran|Heatran, F|98/100\n|-damage|p1a: Heatran|86/100|[from] Stealth Rock\n|move|p2a: Nether|Future Sight|p1a: Heatran\n|-start|p2a: Nether|move: Future Sight\n|\n|-heal|p1a: Heatran|92/100|[from] item: Leftovers\n|upkeep\n|turn|32\n|\n|t:|1791303026\n|switch|p2a: Warpath|Urshifu-Rapid-Strike, F|94/100\n|-damage|p2a: Warpath|88/100|[from] Stealth Rock\n|move|p1a: Heatran|Earth Power|p2a: Warpath\n|-damage|p2a: Warpath|52/100\n|\n|-heal|p1a: Heatran|98/100|[from] item: Leftovers\n|upkeep\n|turn|33\n|inactive|egalvanc has 270 seconds left.\n|\n|t:|1791303071\n|switch|p1a: Slowbro|Slowbro, M|57/100 tox\n|move|p2a: Warpath|Surging Strikes|p1a: Slowbro\n|-resisted|p1a: Slowbro\n|-crit|p1a: Slowbro\n|-damage|p1a: Slowbro|48/100 tox\n|-resisted|p1a: Slowbro\n|-crit|p1a: Slowbro\n|-damage|p1a: Slowbro|38/100 tox\n|-resisted|p1a: Slowbro\n|-crit|p1a: Slowbro\n|-damage|p1a: Slowbro|28/100 tox\n|-hitcount|p1a: Slowbro|3\n|\n|-end|p1a: Slowbro|move: Future Sight\n|-resisted|p1a: Slowbro\n|-damage|p1a: Slowbro|6/100 tox\n|-damage|p1a: Slowbro|0 fnt|[from] psn\n|faint|p1a: Slowbro\n|upkeep\n|\n|t:|1791303081\n|switch|p1a: Zapdos|Zapdos|100/100\n|turn|34\n|\n|t:|1791303086\n|switch|p2a: Nether|Slowking-Galar, M, shiny|89/100 par\n|-damage|p2a: Nether|76/100 par|[from] Stealth Rock\n|move|p1a: Zapdos|Hurricane|p2a: Nether\n|-damage|p2a: Nether|46/100 par\n|\n|upkeep\n|turn|35\n|\n|t:|1791303096\n|move|p1a: Zapdos|Hurricane|p2a: Nether|[miss]\n|-miss|p1a: Zapdos|p2a: Nether\n|move|p2a: Nether|Future Sight|p1a: Zapdos\n|-start|p2a: Nether|move: Future Sight\n|\n|upkeep\n|turn|36\n|inactive|egalvanc has 270 seconds left.\n|\n|t:|1791303127\n|switch|p1a: Heatran|Heatran, F|98/100\n|-damage|p1a: Heatran|86/100|[from] Stealth Rock\n|move|p2a: Nether|Sludge Bomb|p1a: Heatran\n|-immune|p1a: Heatran\n|\n|-heal|p1a: Heatran|92/100|[from] item: Leftovers\n|upkeep\n|turn|37\n|\n|t:|1791303141\n|move|p1a: Heatran|Magma Storm|p2a: Nether\n|-damage|p2a: Nether|14/100 par\n|-activate|p2a: Nether|move: Magma Storm|[of] p1a: Heatran\n|cant|p2a: Nether|par\n|\n|-end|p1a: Heatran|move: Future Sight\n|-resisted|p1a: Heatran\n|-damage|p1a: Heatran|76/100\n|-heal|p1a: Heatran|82/100|[from] item: Leftovers\n|-damage|p2a: Nether|2/100 par|[from] move: Magma Storm|[partiallytrapped]\n|upkeep\n|turn|38\n|inactive|egalvanc has 270 seconds left.\n|\n|t:|1791303170\n|move|p1a: Heatran|Earth Power|p2a: Nether\n|-supereffective|p2a: Nether\n|-damage|p2a: Nether|0 fnt\n|faint|p2a: Nether\n|\n|-heal|p1a: Heatran|89/100|[from] item: Leftovers\n|upkeep\n|\n|t:|1791303179\n|switch|p2a: Ragnarock|Garchomp, M, shiny|24/100\n|-damage|p2a: Ragnarock|18/100|[from] Stealth Rock\n|turn|39\n|\n|t:|1791303185\n|switch|p1a: Tornadus|Tornadus-Therian, M|65/100 tox\n|move|p2a: Ragnarock|Earthquake|p1a: Tornadus\n|-immune|p1a: Tornadus\n|\n|-heal|p2a: Ragnarock|24/100|[from] item: Leftovers\n|-damage|p1a: Tornadus|59/100 tox|[from] psn\n|upkeep\n|turn|40\n|\n|t:|1791303192\n|switch|p1a: Clefable|Clefable, F|100/100\n|move|p2a: Ragnarock|Protect||[still]\n|-fail|p2a: Ragnarock\n|\n|-heal|p2a: Ragnarock|30/100|[from] item: Leftovers\n|upkeep\n|turn|41\n|\n|t:|1791303195\n|move|p2a: Ragnarock|Protect|p2a: Ragnarock\n|-singleturn|p2a: Ragnarock|Protect\n|move|p1a: Clefable|Moonblast|p2a: Ragnarock\n|-activate|p2a: Ragnarock|move: Protect\n|\n|-heal|p2a: Ragnarock|37/100|[from] item: Leftovers\n|upkeep\n|turn|42\n|\n|t:|1791303202\n|switch|p2a: Kong|Rillaboom, F, shiny|100/100\n|-damage|p2a: Kong|88/100|[from] Stealth Rock\n|-fieldstart|move: Grassy Terrain|[from] ability: Grassy Surge|[of] p2a: Kong\n|move|p1a: Clefable|Moonblast|p2a: Kong\n|-damage|p2a: Kong|46/100\n|-unboost|p2a: Kong|spa|1\n|\n|-heal|p2a: Kong|52/100|[from] Grassy Terrain\n|-heal|p2a: Kong|59/100|[from] item: Leftovers\n|upkeep\n|turn|43\n|\n|t:|1791303225\n|switch|p1a: Tornadus|Tornadus-Therian, M|92/100 tox\n|move|p2a: Kong|Knock Off|p1a: Tornadus\n|-damage|p1a: Tornadus|56/100 tox\n|-enditem|p1a: Tornadus|Heavy-Duty Boots|[from] move: Knock Off|[of] p2a: Kong\n|\n|-heal|p2a: Kong|65/100|[from] Grassy Terrain\n|-heal|p2a: Kong|71/100|[from] item: Leftovers\n|-damage|p1a: Tornadus|50/100 tox|[from] psn\n|upkeep\n|turn|44\n|c|\u2606egalvanc|lagtest\n|inactive|A daydream has 270 seconds left.\n|\n|t:|1791303268\n|switch|p2a: Ragnarock|Garchomp, M, shiny|37/100\n|-damage|p2a: Ragnarock|30/100|[from] Stealth Rock\n|move|p1a: Tornadus|Hurricane|p2a: Ragnarock|[miss]\n|-miss|p1a: Tornadus|p2a: Ragnarock\n|\n|-heal|p2a: Ragnarock|37/100|[from] Grassy Terrain\n|-heal|p2a: Ragnarock|43/100|[from] item: Leftovers\n|-damage|p1a: Tornadus|38/100 tox|[from] psn\n|upkeep\n|turn|45\n|\n|t:|1791303282\n|move|p1a: Tornadus|Hurricane|p2a: Ragnarock\n|-damage|p2a: Ragnarock|18/100\n|-start|p2a: Ragnarock|confusion\n|-activate|p2a: Ragnarock|confusion\n|move|p2a: Ragnarock|Earthquake|p1a: Tornadus\n|-immune|p1a: Tornadus\n|\n|-heal|p2a: Ragnarock|24/100|[from] Grassy Terrain\n|-heal|p2a: Ragnarock|30/100|[from] item: Leftovers\n|-damage|p1a: Tornadus|20/100 tox|[from] psn\n|upkeep\n|turn|46\n|\n|t:|1791303294\n|switch|p1a: Clefable|Clefable, F|100/100\n|-end|p2a: Ragnarock|confusion\n|move|p2a: Ragnarock|Earthquake|p1a: Clefable\n|-damage|p1a: Clefable|85/100\n|\n|-heal|p2a: Ragnarock|36/100|[from] Grassy Terrain\n|-heal|p2a: Ragnarock|42/100|[from] item: Leftovers\n|-heal|p1a: Clefable|91/100|[from] Grassy Terrain\n|-fieldend|move: Grassy Terrain\n|upkeep\n|turn|47\n|inactive|A daydream has 240 seconds left.\n|\n|t:|1791303334\n|move|p2a: Ragnarock|Protect|p2a: Ragnarock\n|-singleturn|p2a: Ragnarock|Protect\n|move|p1a: Clefable|Moonblast|p2a: Ragnarock\n|-activate|p2a: Ragnarock|move: Protect\n|\n|-heal|p2a: Ragnarock|49/100|[from] item: Leftovers\n|upkeep\n|turn|48\n|c|\u2606egalvanc|,\n|inactive|A daydream has 210 seconds left.\n|\n|t:|1791303389\n|move|p2a: Ragnarock|Earthquake|p1a: Clefable\n|-damage|p1a: Clefable|60/100\n|move|p1a: Clefable|Moonblast|p2a: Ragnarock\n|-supereffective|p2a: Ragnarock\n|-damage|p2a: Ragnarock|11/100\n|\n|-heal|p2a: Ragnarock|17/100|[from] item: Leftovers\n|upkeep\n|turn|49\n|\n|t:|1791303397\n|move|p2a: Ragnarock|Earthquake|p1a: Clefable\n|-damage|p1a: Clefable|29/100\n|move|p1a: Clefable|Soft-Boiled|p1a: Clefable\n|-heal|p1a: Clefable|79/100\n|\n|-heal|p2a: Ragnarock|23/100|[from] item: Leftovers\n|upkeep\n|turn|50\n|\n|t:|1791303410\n|move|p2a: Ragnarock|Earthquake|p1a: Clefable\n|-damage|p1a: Clefable|48/100\n|move|p1a: Clefable|Soft-Boiled|p1a: Clefable\n|-heal|p1a: Clefable|98/100\n|\n|-heal|p2a: Ragnarock|30/100|[from] item: Leftovers\n|upkeep\n|turn|51\n|inactive|A daydream has 180 seconds left.\n|inactive|A daydream has 150 seconds left.\n|\n|t:|1791303462\n|move|p2a: Ragnarock|Protect|p2a: Ragnarock\n|-singleturn|p2a: Ragnarock|Protect\n|move|p1a: Clefable|Moonblast|p2a: Ragnarock\n|-activate|p2a: Ragnarock|move: Protect\n|\n|-heal|p2a: Ragnarock|36/100|[from] item: Leftovers\n|upkeep\n|turn|52\n|inactive|A daydream has 150 seconds left.\n|\n|t:|1791303483\n|move|p2a: Ragnarock|Earthquake|p1a: Clefable\n|-damage|p1a: Clefable|67/100\n|move|p1a: Clefable|Moonblast|p2a: Ragnarock\n|-supereffective|p2a: Ragnarock\n|-damage|p2a: Ragnarock|0 fnt\n|faint|p2a: Ragnarock\n|\n|upkeep\n|\n|t:|1791303487\n|switch|p2a: Kong|Rillaboom, F, shiny|71/100\n|-damage|p2a: Kong|59/100|[from] Stealth Rock\n|-fieldstart|move: Grassy Terrain|[from] ability: Grassy Surge|[of] p2a: Kong\n|turn|53\n|\n|t:|1791303494\n|move|p2a: Kong|Swords Dance|p2a: Kong\n|-boost|p2a: Kong|atk|2\n|move|p1a: Clefable|Soft-Boiled|p1a: Clefable\n|-heal|p1a: Clefable|100/100\n|\n|-heal|p2a: Kong|65/100|[from] Grassy Terrain\n|-heal|p2a: Kong|71/100|[from] item: Leftovers\n|upkeep\n|turn|54\n|\n|t:|1791303500\n|switch|p1a: Tornadus|Tornadus-Therian, M|53/100 tox\n|-damage|p1a: Tornadus|28/100 tox|[from] Stealth Rock\n|move|p2a: Kong|Grassy Glide|p1a: Tornadus\n|-resisted|p1a: Tornadus\n|-damage|p1a: Tornadus|0 fnt\n|faint|p1a: Tornadus\n|\n|-heal|p2a: Kong|77/100|[from] Grassy Terrain\n|-heal|p2a: Kong|84/100|[from] item: Leftovers\n|upkeep\n|\n|t:|1791303506\n|switch|p1a: Zapdos|Zapdos|100/100\n|turn|55\n|\n|t:|1791303509\n|move|p2a: Kong|Knock Off|p1a: Zapdos\n|-crit|p1a: Zapdos\n|-damage|p1a: Zapdos|25/100\n|-status|p2a: Kong|par|[from] ability: Static|[of] p1a: Zapdos\n|-enditem|p1a: Zapdos|Heavy-Duty Boots|[from] move: Knock Off|[of] p2a: Kong\n|move|p1a: Zapdos|Hurricane|p2a: Kong\n|-supereffective|p2a: Kong\n|-damage|p2a: Kong|0 fnt\n|faint|p2a: Kong\n|\n|upkeep\n|\n|t:|1791303521\n|switch|p2a: Bandit|Weavile, M|59/100\n|-damage|p2a: Bandit|34/100|[from] Stealth Rock\n|-ability|p2a: Bandit|Pressure\n|turn|56\n|inactive|A daydream has 180 seconds left.\n|inactive|egalvanc has 270 seconds left.\n|\n|t:|1791303566\n|move|p2a: Bandit|Triple Axel|p1a: Zapdos\n|-supereffective|p1a: Zapdos\n|-damage|p1a: Zapdos|3/100\n|-status|p2a: Bandit|par|[from] ability: Static|[of] p1a: Zapdos\n|-supereffective|p1a: Zapdos\n|-damage|p1a: Zapdos|0 fnt\n|faint|p1a: Zapdos\n|-hitcount|p1: Zapdos|2\n|\n|-heal|p2a: Bandit|40/100 par|[from] Grassy Terrain\n|upkeep\n|\n|t:|1791303570\n|switch|p1a: Nidoking|Nidoking, M|100/100\n|-damage|p1a: Nidoking|95/100|[from] Stealth Rock\n|turn|57\n|\n|t:|1791303574\n|move|p1a: Nidoking|Earth Power|p2a: Bandit\n|-damage|p2a: Bandit|0 fnt\n|faint|p2a: Bandit\n|\n|-heal|p1a: Nidoking|100/100|[from] Grassy Terrain\n|-fieldend|move: Grassy Terrain\n|upkeep\n|\n|t:|1791303578\n|switch|p2a: Warpath|Urshifu-Rapid-Strike, F|52/100\n|-damage|p2a: Warpath|45/100|[from] Stealth Rock\n|turn|58\n|\n|t:|1791303585\n|move|p2a: Warpath|Surging Strikes|p1a: Nidoking\n|-supereffective|p1a: Nidoking\n|-crit|p1a: Nidoking\n|-damage|p1a: Nidoking|15/100\n|-supereffective|p1a: Nidoking\n|-crit|p1a: Nidoking\n|-damage|p1a: Nidoking|0 fnt\n|faint|p1a: Nidoking\n|-hitcount|p1: Nidoking|2\n|\n|upkeep\n|\n|t:|1791303586\n|switch|p1a: Clefable|Clefable, F|100/100\n|turn|59\n|\n|t:|1791303595\n|move|p2a: Warpath|Surging Strikes|p1a: Clefable\n|-crit|p1a: Clefable\n|-damage|p1a: Clefable|77/100\n|-crit|p1a: Clefable\n|-damage|p1a: Clefable|54/100\n|-crit|p1a: Clefable\n|-damage|p1a: Clefable|30/100\n|-hitcount|p1a: Clefable|3\n|move|p1a: Clefable|Moonblast|p2a: Warpath\n|-supereffective|p2a: Warpath\n|-damage|p2a: Warpath|0 fnt\n|faint|p2a: Warpath\n|\n|win|egalvanc\n|c|\u2606egalvanc|gg\n|c|\u2606A daydream|Gg\n|player|p2|\n", "uploadtime": 1791303595, "views": "88", "formatid": "gen8ou", "rating": null, "private": 0, "password": null}