{"id": "smogtours-gen8ou-975495", "format": "[Gen 8] OU", "players": ["damien the genius", "Separation"], "log": "|inactive|Battle timer is ON: inactive players will automatically lose when time's up.\n|badge|p2|silver|gen9randombattle|30-10\n|uhtml|medal-msg|<div class=\"broadcast-blue\">Curious what those medals under the avatar are? PS now has Ladder Seasons! For more information, check out the <a href=\"https://www.smogon.com/forums/threads/3740067/\">thread on Smogon.</a></div>\n|t:|1790688131\n|gametype|singles\n|player|p1|damien the genius|#wcop2023oceania|\n|player|p2|Separation|#separation|\n|gen|8\n|tier|[Gen 8] OU\n|rule|HP Percentage Mod: HP is shown in percentages\n|rule|Endless Battle Clause: Forcing endless battles is banned\n|rule|Sleep Clause Mod: Limit one foe put to sleep\n|rule|Species Clause: Limit one of each Pok\u00e9mon\n|rule|OHKO Clause: OHKO moves are banned\n|rule|Evasion Items Clause: Evasion items are banned\n|rule|Evasion Moves Clause: Evasion moves are banned\n|rule|Dynamax Clause: You cannot dynamax\n|clearpoke\n|poke|p1|Urshifu-*, M|\n|poke|p1|Zapdos|\n|poke|p1|Tyranitar, F|\n|poke|p1|Excadrill, M|\n|poke|p1|Tapu Lele|\n|poke|p1|Ferrothorn, M|\n|poke|p2|Weavile, M|\n|poke|p2|Dragonite, F|\n|poke|p2|Kartana|\n|poke|p2|Heatran, M|\n|poke|p2|Landorus-Therian, M|\n|poke|p2|Dragapult, F|\n|teampreview\n|c|\u2606damien the genius|hf\n|c|\u2606Separation|hf\n|inactive|damien the genius has 270 seconds left.\n|inactive|Separation has 270 seconds left.\n|inactive|damien the genius has 240 seconds left.\n|\n|t:|1790688199\n|teamsize|p1|6\n|teamsize|p2|6\n|start\n|switch|p1a: Urshifu|Urshifu-Rapid-Strike, M|100/100\n|switch|p2a: Dragapult|Dragapult, F|100/100\n|turn|1\n|\n|t:|1790688213\n|switch|p1a: Ferrothorn|Ferrothorn, M|100/100\n|move|p2a: Dragapult|Shadow Ball|p1a: Ferrothorn\n|-damage|p1a: Ferrothorn|53/100\n|-enditem|p1a: Ferrothorn|Eject Button\n|\n|t:|1790688218\n|switch|p1a: Tyranitar|Tyranitar, F|100/100\n|-weather|Sandstorm|[from] ability: Sand Stream|[of] p1a: Tyranitar\n|\n|-weather|Sandstorm|[upkeep]\n|-damage|p2a: Dragapult|95/100|[from] Sandstorm\n|upkeep\n|turn|2\n|\n|t:|1790688237\n|switch|p2a: Heatran|Heatran, M|100/100\n|-item|p2a: Heatran|Air Balloon\n|move|p1a: Tyranitar|Stone Edge|p2a: Heatran\n|-damage|p2a: Heatran|34/100\n|-enditem|p2a: Heatran|Air Balloon\n|\n|-weather|Sandstorm|[upkeep]\n|upkeep\n|turn|3\n|\n|t:|1790688258\n|move|p2a: Heatran|Will-O-Wisp|p1a: Tyranitar\n|-status|p1a: Tyranitar|brn\n|move|p1a: Tyranitar|Stone Edge|p2a: Heatran|[miss]\n|-miss|p1a: Tyranitar|p2a: Heatran\n|\n|-weather|Sandstorm|[upkeep]\n|-damage|p1a: Tyranitar|94/100 brn|[from] brn\n|upkeep\n|turn|4\n|\n|t:|1790688267\n|move|p2a: Heatran|Earth Power|p1a: Tyranitar\n|-supereffective|p1a: Tyranitar\n|-damage|p1a: Tyranitar|60/100 brn\n|move|p1a: Tyranitar|Stone Edge|p2a: Heatran\n|-damage|p2a: Heatran|3/100\n|\n|-weather|Sandstorm|[upkeep]\n|-damage|p1a: Tyranitar|54/100 brn|[from] brn\n|upkeep\n|turn|5\n|\n|t:|1790688283\n|switch|p2a: Landorus|Landorus-Therian, M|100/100\n|-ability|p2a: Landorus|Intimidate|boost\n|-unboost|p1a: Tyranitar|atk|1\n|switch|p1a: Zapdos|Zapdos|100/100\n|\n|-weather|none\n|upkeep\n|turn|6\n|\n|t:|1790688294\n|switch|p1a: Urshifu|Urshifu-Rapid-Strike, M|100/100\n|move|p2a: Landorus|Stealth Rock|p1a: Urshifu\n|-sidestart|p1: damien the genius|move: Stealth Rock\n|\n|upkeep\n|turn|7\n|\n|t:|1790688303\n|switch|p2a: Heatran|Heatran, M|3/100\n|move|p1a: Urshifu|Surging Strikes|p2a: Heatran\n|-supereffective|p2a: Heatran\n|-crit|p2a: Heatran\n|-damage|p2a: Heatran|0 fnt\n|faint|p2a: Heatran\n|-hitcount|p2: Heatran|1\n|\n|upkeep\n|\n|t:|1790688307\n|switch|p2a: Dragapult|Dragapult, F|95/100\n|turn|8\n|inactive|damien the genius has 270 seconds left.\n|inactive|damien the genius has 240 seconds left.\n|\n|t:|1790688370\n|switch|p1a: Tyranitar|Tyranitar, F|54/100 brn\n|-damage|p1a: Tyranitar|42/100 brn|[from] Stealth Rock\n|-weather|Sandstorm|[from] ability: Sand Stream|[of] p1a: Tyranitar\n|move|p2a: Dragapult|Shadow Ball|p1a: Tyranitar\n|-resisted|p1a: Tyranitar\n|-damage|p1a: Tyranitar|26/100 brn\n|-unboost|p1a: Tyranitar|spd|1\n|\n|-weather|Sandstorm|[upkeep]\n|-damage|p2a: Dragapult|89/100|[from] Sandstorm\n|-damage|p1a: Tyranitar|20/100 brn|[from] brn\n|upkeep\n|turn|9\n|inactive|damien the genius has 240 seconds left.\n|\n|t:|1790688377\n|move|p2a: Dragapult|Shadow Ball|p1a: Tyranitar\n|-resisted|p1a: Tyranitar\n|-damage|p1a: Tyranitar|0 fnt\n|faint|p1a: Tyranitar\n|\n|-weather|Sandstorm|[upkeep]\n|-damage|p2a: Dragapult|83/100|[from] Sandstorm\n|upkeep\n|inactive|damien the genius has 240 seconds left.\n|\n|t:|1790688389\n|switch|p1a: Tapu Lele|Tapu Lele|100/100\n|-damage|p1a: Tapu Lele|88/100|[from] Stealth Rock\n|-fieldstart|move: Psychic Terrain|[from] ability: Psychic Surge|[of] p1a: Tapu Lele\n|turn|10\n|inactive|damien the genius has 240 seconds left.\n|inactive|damien the genius has 210 seconds left.\n|\n|t:|1790688429\n|switch|p2a: Dragonite|Dragonite, F|100/100\n|move|p1a: Tapu Lele|Moonblast|p2a: Dragonite\n|-supereffective|p2a: Dragonite\n|-damage|p2a: Dragonite|38/100\n|\n|-weather|Sandstorm|[upkeep]\n|-damage|p1a: Tapu Lele|82/100|[from] Sandstorm\n|-damage|p2a: Dragonite|32/100|[from] Sandstorm\n|upkeep\n|turn|11\n|\n|t:|1790688433\n|move|p1a: Tapu Lele|Moonblast|p2a: Dragonite\n|-supereffective|p2a: Dragonite\n|-damage|p2a: Dragonite|0 fnt\n|faint|p2a: Dragonite\n|\n|-weather|Sandstorm|[upkeep]\n|-damage|p1a: Tapu Lele|76/100|[from] Sandstorm\n|upkeep\n|inactive|Separation has 270 seconds left.\n|\n|t:|1790688478\n|switch|p2a: Kartana|Kartana|100/100\n|turn|12\n|inactive|damien the genius has 210 seconds left.\n|\n|t:|1790688516\n|switch|p1a: Ferrothorn|Ferrothorn, M|53/100\n|-damage|p1a: Ferrothorn|47/100|[from] Stealth Rock\n|move|p2a: Kartana|Knock Off|p1a: Ferrothorn\n|-damage|p1a: Ferrothorn|31/100\n|-damage|p2a: Kartana|88/100|[from] ability: Iron Barbs|[of] p1a: Ferrothorn\n|\n|-weather|none\n|upkeep\n|turn|13\n|inactive|Separation has 270 seconds left.\n|\n|t:|1790688544\n|switch|p2a: Landorus|Landorus-Therian, M|100/100\n|-ability|p2a: Landorus|Intimidate|boost\n|-unboost|p1a: Ferrothorn|atk|1\n|move|p1a: Ferrothorn|Stealth Rock|p2a: Landorus\n|-sidestart|p2: Separation|move: Stealth Rock\n|\n|upkeep\n|turn|14\n|inactive|damien the genius has 180 seconds left.\n|inactive|damien the genius has 150 seconds left.\n|\n|t:|1790688612\n|switch|p1a: Excadrill|Excadrill, M|100/100\n|-damage|p1a: Excadrill|97/100|[from] Stealth Rock\n|-item|p1a: Excadrill|Air Balloon\n|move|p2a: Landorus|Earthquake|p1a: Excadrill\n|-immune|p1a: Excadrill\n|\n|-fieldend|move: Psychic Terrain\n|upkeep\n|turn|15\n|inactive|Separation has 270 seconds left.\n|\n|t:|1790688629\n|move|p2a: Landorus|Knock Off|p1a: Excadrill\n|-damage|p1a: Excadrill|43/100\n|-enditem|p1a: Excadrill|Air Balloon\n|move|p1a: Excadrill|Iron Head|p2a: Landorus\n|-damage|p2a: Landorus|48/100\n|\n|upkeep\n|turn|16\n|inactive|damien the genius has 120 seconds left.\n|\n|t:|1790688658\n|move|p2a: Landorus|Earthquake|p1a: Excadrill\n|-supereffective|p1a: Excadrill\n|-damage|p1a: Excadrill|0 fnt\n|faint|p1a: Excadrill\n|\n|upkeep\n|\n|t:|1790688663\n|switch|p1a: Urshifu|Urshifu-Rapid-Strike, M|100/100\n|-damage|p1a: Urshifu|94/100|[from] Stealth Rock\n|turn|17\n|\n|t:|1790688667\n|switch|p2a: Kartana|Kartana|88/100\n|-damage|p2a: Kartana|82/100|[from] Stealth Rock\n|move|p1a: Urshifu|Surging Strikes|p2a: Kartana\n|-resisted|p2a: Kartana\n|-crit|p2a: Kartana\n|-damage|p2a: Kartana|71/100\n|-resisted|p2a: Kartana\n|-crit|p2a: Kartana\n|-damage|p2a: Kartana|59/100\n|-resisted|p2a: Kartana\n|-crit|p2a: Kartana\n|-damage|p2a: Kartana|48/100\n|-hitcount|p2a: Kartana|3\n|\n|upkeep\n|turn|18\n|inactive|damien the genius has 120 seconds left.\n|\n|t:|1790688704\n|switch|p1a: Ferrothorn|Ferrothorn, M|31/100\n|-damage|p1a: Ferrothorn|25/100|[from] Stealth Rock\n|move|p2a: Kartana|Swords Dance|p2a: Kartana\n|-boost|p2a: Kartana|atk|2\n|\n|upkeep\n|turn|19\n|\n|t:|1790688715\n|move|p2a: Kartana|Knock Off|p1a: Ferrothorn\n|-damage|p1a: Ferrothorn|0 fnt\n|-damage|p2a: Kartana|36/100|[from] ability: Iron Barbs|[of] p1a: Ferrothorn\n|faint|p1a: Ferrothorn\n|-ability|p2a: Kartana|Beast Boost|boost\n|-boost|p2a: Kartana|atk|1\n|\n|upkeep\n|\n|t:|1790688720\n|switch|p1a: Tapu Lele|Tapu Lele|76/100\n|-damage|p1a: Tapu Lele|63/100|[from] Stealth Rock\n|-fieldstart|move: Psychic Terrain|[from] ability: Psychic Surge|[of] p1a: Tapu Lele\n|turn|20\n|\n|t:|1790688733\n|move|p2a: Kartana|Endure|p2a: Kartana\n|-singleturn|p2a: Kartana|move: Endure\n|move|p1a: Tapu Lele|Moonblast|p2a: Kartana\n|-resisted|p2a: Kartana\n|-activate|p2a: Kartana|move: Endure\n|-damage|p2a: Kartana|1/100\n|-enditem|p2a: Kartana|Salac Berry|[eat]\n|-boost|p2a: Kartana|spe|1|[from] item: Salac Berry\n|\n|upkeep\n|turn|21\n|inactive|damien the genius has 120 seconds left.\n|c|+Crossia|kjjj\n|c|+Crossia|Genio\n|inactive|damien the genius has 90 seconds left.\n|inactive|Separation has 270 seconds left.\n|\n|t:|1790688795\n|switch|p1a: Urshifu|Urshifu-Rapid-Strike, M|94/100\n|-damage|p1a: Urshifu|88/100|[from] Stealth Rock\n|move|p2a: Kartana|Swords Dance|p2a: Kartana\n|-boost|p2a: Kartana|atk|2\n|\n|upkeep\n|turn|22\n|inactive|damien the genius has 60 seconds left.\n|\n|t:|1790688817\n|switch|p1a: Zapdos|Zapdos|100/100\n|move|p2a: Kartana|Leaf Blade|p1a: Zapdos\n|-resisted|p1a: Zapdos\n|-damage|p1a: Zapdos|0 fnt\n|-status|p2a: Kartana|par|[from] ability: Static|[of] p1a: Zapdos\n|faint|p1a: Zapdos\n|-ability|p2a: Kartana|Beast Boost|boost\n|-boost|p2a: Kartana|atk|1\n|\n|upkeep\n|\n|t:|1790688828\n|switch|p1a: Tapu Lele|Tapu Lele|63/100\n|-damage|p1a: Tapu Lele|51/100|[from] Stealth Rock\n|turn|23\n|inactive|Separation has 270 seconds left.\n|inactive|Separation has 240 seconds left.\n|\n|t:|1790688869\n|move|p2a: Kartana|Endure|p2a: Kartana\n|-singleturn|p2a: Kartana|move: Endure\n|move|p1a: Tapu Lele|Moonblast|p2a: Kartana\n|-resisted|p2a: Kartana\n|-activate|p2a: Kartana|move: Endure\n|-damage|p2a: Kartana|1/100 par\n|\n|upkeep\n|turn|24\n|\n|t:|1790688877\n|move|p1a: Tapu Lele|Moonblast|p2a: Kartana\n|-resisted|p2a: Kartana\n|-damage|p2a: Kartana|0 fnt\n|faint|p2a: Kartana\n|\n|-fieldend|move: Psychic Terrain\n|upkeep\n|\n|t:|1790688883\n|switch|p2a: Weavile|Weavile, M|100/100\n|-damage|p2a: Weavile|76/100|[from] Stealth Rock\n|-ability|p2a: Weavile|Pressure\n|turn|25\n|inactive|damien the genius has 60 seconds left.\n|\n|t:|1790688912\n|switch|p1a: Urshifu|Urshifu-Rapid-Strike, M|88/100\n|-damage|p1a: Urshifu|82/100|[from] Stealth Rock\n|move|p2a: Weavile|Ice Shard|p1a: Urshifu\n|-resisted|p1a: Urshifu\n|-crit|p1a: Urshifu\n|-damage|p1a: Urshifu|61/100\n|-damage|p2a: Weavile|66/100|[from] item: Life Orb\n|\n|upkeep\n|turn|26\n|inactive|damien the genius has 60 seconds left.\n|\n|t:|1790688920\n|move|p2a: Weavile|Knock Off|p1a: Urshifu\n|-resisted|p1a: Urshifu\n|-damage|p1a: Urshifu|29/100\n|-enditem|p1a: Urshifu|Protective Pads|[from] move: Knock Off|[of] p2a: Weavile\n|-damage|p2a: Weavile|56/100|[from] item: Life Orb\n|move|p1a: Urshifu|U-turn|p2a: Weavile\n|-supereffective|p2a: Weavile\n|-damage|p2a: Weavile|0 fnt\n|faint|p2a: Weavile\n|\n|t:|1790688923\n|switch|p1a: Tapu Lele|Tapu Lele|51/100|[from] U-turn\n|-damage|p1a: Tapu Lele|39/100|[from] Stealth Rock\n|-fieldstart|move: Psychic Terrain|[from] ability: Psychic Surge|[of] p1a: Tapu Lele\n|\n|upkeep\n|\n|t:|1790688925\n|switch|p2a: Dragapult|Dragapult, F|83/100\n|-damage|p2a: Dragapult|70/100|[from] Stealth Rock\n|turn|27\n|\n|t:|1790688929\n|move|p1a: Tapu Lele|Moonblast|p2a: Dragapult\n|-supereffective|p2a: Dragapult\n|-damage|p2a: Dragapult|0 fnt\n|faint|p2a: Dragapult\n|\n|upkeep\n|c|\u2606Separation|gg\n|c|\u2606damien the genius|gg\n|-message|Separation forfeited.\n|\n|win|damien the genius\n", "uploadtime": 1790688934, "views": "273", "formatid": "gen8ou", "rating": null, "private": 0, "password": null}