{"id": "smogtours-gen8ou-976229", "format": "[Gen 8] OU", "players": ["S0meone-r4ndom", "Fc \u2764"], "log": "|inactive|Battle timer is ON: inactive players will automatically lose when time's up.\n|t:|1791048112\n|gametype|singles\n|player|p1|S0meone-r4ndom|1|\n|player|p2|Fc \u2764|#scl6spartans2|\n|gen|8\n|tier|[Gen 8] OU\n|rule|HP Percentage Mod: HP is shown in percentages\n|rule|Endless Battle Clause: Forcing endless battles is banned\n|rule|Sleep Clause Mod: Limit one foe put to sleep\n|rule|Species Clause: Limit one of each Pok\u00e9mon\n|rule|OHKO Clause: OHKO moves are banned\n|rule|Evasion Items Clause: Evasion items are banned\n|rule|Evasion Moves Clause: Evasion moves are banned\n|rule|Dynamax Clause: You cannot dynamax\n|clearpoke\n|poke|p1|Slowking-Galar, M|\n|poke|p1|Tyranitar, M|\n|poke|p1|Excadrill, M|\n|poke|p1|Volcanion|\n|poke|p1|Tornadus-Therian, M|\n|poke|p1|Buzzwole|\n|poke|p2|Clefable, M|\n|poke|p2|Gastrodon-East, M|\n|poke|p2|Toxapex, M|\n|poke|p2|Corviknight, F|\n|poke|p2|Buzzwole|\n|poke|p2|Dragonite, F|\n|teampreview\n|c|\u2606Fc \u2764|hf\n|c|\u2606S0meone-r4ndom|glhf\n|inactive|S0meone-r4ndom has 270 seconds left.\n|\n|t:|1791048146\n|teamsize|p1|6\n|teamsize|p2|6\n|start\n|switch|p1a: Slowking|Slowking-Galar, M|100/100\n|switch|p2a: Toxapex|Toxapex, M|100/100\n|turn|1\n|\n|t:|1791048152\n|move|p2a: Toxapex|Knock Off|p1a: Slowking\n|-supereffective|p1a: Slowking\n|-damage|p1a: Slowking|79/100\n|-enditem|p1a: Slowking|Black Sludge|[from] move: Knock Off|[of] p2a: Toxapex\n|move|p1a: Slowking|Nasty Plot|p1a: Slowking\n|-boost|p1a: Slowking|spa|2\n|\n|upkeep\n|turn|2\n|\n|t:|1791048166\n|move|p2a: Toxapex|Haze|p2a: Toxapex\n|-clearallboost\n|move|p1a: Slowking|Trick|p2a: Toxapex\n|-activate|p1a: Slowking|move: Trick|[of] p2a: Toxapex\n|-enditem|p2a: Toxapex|Shed Shell|[silent]|[from] move: Trick\n|-item|p1a: Slowking|Shed Shell|[from] move: Trick\n|\n|upkeep\n|turn|3\n|\n|t:|1791048172\n|move|p2a: Toxapex|Knock Off|p1a: Slowking\n|-supereffective|p1a: Slowking\n|-damage|p1a: Slowking|55/100\n|-enditem|p1a: Slowking|Shed Shell|[from] move: Knock Off|[of] p2a: Toxapex\n|move|p1a: Slowking|Nasty Plot|p1a: Slowking\n|-boost|p1a: Slowking|spa|2\n|\n|upkeep\n|turn|4\n|\n|t:|1791048174\n|move|p2a: Toxapex|Haze|p2a: Toxapex\n|-clearallboost\n|move|p1a: Slowking|Psychic|p2a: Toxapex\n|-supereffective|p2a: Toxapex\n|-damage|p2a: Toxapex|58/100\n|\n|upkeep\n|turn|5\n|\n|t:|1791048185\n|move|p2a: Toxapex|Recover|p2a: Toxapex\n|-heal|p2a: Toxapex|100/100\n|move|p1a: Slowking|Nasty Plot|p1a: Slowking\n|-boost|p1a: Slowking|spa|2\n|\n|upkeep\n|turn|6\n|\n|t:|1791048191\n|move|p2a: Toxapex|Haze|p2a: Toxapex\n|-clearallboost\n|move|p1a: Slowking|Psychic|p2a: Toxapex\n|-supereffective|p2a: Toxapex\n|-damage|p2a: Toxapex|52/100\n|\n|upkeep\n|turn|7\n|\n|t:|1791048194\n|move|p2a: Toxapex|Recover|p2a: Toxapex\n|-heal|p2a: Toxapex|100/100\n|move|p1a: Slowking|Psychic|p2a: Toxapex\n|-supereffective|p2a: Toxapex\n|-damage|p2a: Toxapex|54/100\n|-unboost|p2a: Toxapex|spd|1\n|\n|upkeep\n|turn|8\n|\n|t:|1791048198\n|switch|p2a: Corviknight|Corviknight, F|100/100\n|-ability|p2a: Corviknight|Pressure\n|move|p1a: Slowking|Psychic|p2a: Corviknight\n|-resisted|p2a: Corviknight\n|-damage|p2a: Corviknight|88/100\n|\n|-heal|p2a: Corviknight|95/100|[from] item: Leftovers\n|upkeep\n|turn|9\n|\n|t:|1791048202\n|switch|p2a: Toxapex|Toxapex, M|88/100\n|switch|p1a: Tornadus|Tornadus-Therian, M|100/100\n|\n|upkeep\n|turn|10\n|\n|t:|1791048210\n|switch|p1a: Slowking|Slowking-Galar, M|88/100\n|move|p2a: Toxapex|Knock Off|p1a: Slowking\n|-supereffective|p1a: Slowking\n|-damage|p1a: Slowking|72/100\n|\n|upkeep\n|turn|11\n|\n|t:|1791048221\n|move|p2a: Toxapex|Knock Off|p1a: Slowking\n|-supereffective|p1a: Slowking\n|-damage|p1a: Slowking|56/100\n|move|p1a: Slowking|Psychic|p2a: Toxapex\n|-supereffective|p2a: Toxapex\n|-crit|p2a: Toxapex\n|-damage|p2a: Toxapex|18/100\n|\n|upkeep\n|turn|12\n|\n|t:|1791048230\n|move|p2a: Toxapex|Recover|p2a: Toxapex\n|-heal|p2a: Toxapex|68/100\n|move|p1a: Slowking|Psychic|p2a: Toxapex\n|-supereffective|p2a: Toxapex\n|-crit|p2a: Toxapex\n|-damage|p2a: Toxapex|0 fnt\n|faint|p2a: Toxapex\n|\n|upkeep\n|c|\u2606S0meone-r4ndom|mb\n|\n|t:|1791048246\n|switch|p2a: Dragonite|Dragonite, F|100/100\n|turn|13\n|\n|t:|1791048257\n|switch|p1a: Tyranitar|Tyranitar, M|100/100\n|-weather|Sandstorm|[from] ability: Sand Stream|[of] p1a: Tyranitar\n|move|p2a: Dragonite|Earthquake|p1a: Tyranitar\n|-supereffective|p1a: Tyranitar\n|-damage|p1a: Tyranitar|49/100\n|\n|-weather|Sandstorm|[upkeep]\n|-damage|p2a: Dragonite|94/100|[from] Sandstorm\n|upkeep\n|turn|14\n|\n|t:|1791048267\n|switch|p1a: Buzzwole|Buzzwole|100/100\n|switch|p2a: Clefable|Clefable, M|100/100\n|\n|-weather|Sandstorm|[upkeep]\n|-damage|p1a: Buzzwole|94/100|[from] Sandstorm\n|upkeep\n|turn|15\n|\n|t:|1791048272\n|switch|p1a: Slowking|Slowking-Galar, M|89/100\n|move|p2a: Clefable|Knock Off|p1a: Slowking\n|-supereffective|p1a: Slowking\n|-damage|p1a: Slowking|73/100\n|\n|-weather|Sandstorm|[upkeep]\n|-damage|p1a: Slowking|67/100|[from] Sandstorm\n|upkeep\n|turn|16\n|\n|t:|1791048280\n|switch|p2a: Gastrodon|Gastrodon-East, M|100/100\n|move|p1a: Slowking|Nasty Plot|p1a: Slowking\n|-boost|p1a: Slowking|spa|2\n|\n|-weather|Sandstorm|[upkeep]\n|-damage|p1a: Slowking|60/100|[from] Sandstorm\n|upkeep\n|turn|17\n|\n|t:|1791048287\n|switch|p1a: Tornadus|Tornadus-Therian, M|100/100\n|move|p2a: Gastrodon|Clear Smog|p1a: Tornadus\n|-damage|p1a: Tornadus|90/100\n|-clearboost|p1a: Tornadus\n|\n|-weather|none\n|upkeep\n|turn|18\n|\n|t:|1791048291\n|move|p1a: Tornadus|Knock Off|p2a: Gastrodon\n|-damage|p2a: Gastrodon|80/100\n|-enditem|p2a: Gastrodon|Heavy-Duty Boots|[from] move: Knock Off|[of] p1a: Tornadus\n|move|p2a: Gastrodon|Toxic|p1a: Tornadus\n|-status|p1a: Tornadus|tox\n|\n|-damage|p1a: Tornadus|83/100 tox|[from] psn\n|upkeep\n|turn|19\n|\n|t:|1791048302\n|move|p1a: Tornadus|U-turn|p2a: Gastrodon\n|-damage|p2a: Gastrodon|65/100\n|\n|t:|1791048312\n|switch|p1a: Slowking|Slowking-Galar, M|94/100|[from] U-turn\n|move|p2a: Gastrodon|Recover|p2a: Gastrodon\n|-heal|p2a: Gastrodon|100/100\n|\n|upkeep\n|turn|20\n|\n|t:|1791048334\n|move|p2a: Gastrodon|Scald|p1a: Slowking\n|-damage|p1a: Slowking|71/100\n|move|p1a: Slowking|Nasty Plot|p1a: Slowking\n|-boost|p1a: Slowking|spa|2\n|\n|upkeep\n|turn|21\n|\n|t:|1791048339\n|move|p2a: Gastrodon|Clear Smog|p1a: Slowking\n|-resisted|p1a: Slowking\n|-damage|p1a: Slowking|67/100\n|-clearboost|p1a: Slowking\n|move|p1a: Slowking|Psychic|p2a: Gastrodon\n|-damage|p2a: Gastrodon|78/100\n|\n|upkeep\n|turn|22\n|\n|t:|1791048342\n|move|p2a: Gastrodon|Toxic|p1a: Slowking\n|-immune|p1a: Slowking\n|move|p1a: Slowking|Sludge Bomb|p2a: Gastrodon\n|-resisted|p2a: Gastrodon\n|-crit|p2a: Gastrodon\n|-damage|p2a: Gastrodon|61/100\n|-status|p2a: Gastrodon|psn\n|\n|-damage|p2a: Gastrodon|49/100 psn|[from] psn\n|upkeep\n|turn|23\n|\n|t:|1791048348\n|move|p2a: Gastrodon|Recover|p2a: Gastrodon\n|-heal|p2a: Gastrodon|99/100 psn\n|move|p1a: Slowking|Nasty Plot|p1a: Slowking\n|-boost|p1a: Slowking|spa|2\n|\n|-damage|p2a: Gastrodon|87/100 psn|[from] psn\n|upkeep\n|turn|24\n|\n|t:|1791048364\n|switch|p1a: Tornadus|Tornadus-Therian, M|100/100 tox\n|move|p2a: Gastrodon|Clear Smog|p1a: Tornadus\n|-damage|p1a: Tornadus|90/100 tox\n|-clearboost|p1a: Tornadus\n|\n|-damage|p1a: Tornadus|83/100 tox|[from] psn\n|-damage|p2a: Gastrodon|74/100 psn|[from] psn\n|upkeep\n|turn|25\n|\n|t:|1791048372\n|switch|p2a: Clefable|Clefable, M|100/100\n|move|p1a: Tornadus|U-turn|p2a: Clefable\n|-resisted|p2a: Clefable\n|-damage|p2a: Clefable|94/100\n|\n|t:|1791048379\n|switch|p1a: Excadrill|Excadrill, M|100/100|[from] U-turn\n|\n|-heal|p2a: Clefable|99/100|[from] item: Leftovers\n|upkeep\n|turn|26\n|\n|t:|1791048385\n|switch|p2a: Buzzwole|Buzzwole|100/100\n|move|p1a: Excadrill|Stealth Rock|p2a: Buzzwole\n|-sidestart|p2: Fc \u2764|move: Stealth Rock\n|\n|upkeep\n|turn|27\n|\n|t:|1791048395\n|switch|p1a: Volcanion|Volcanion|100/100\n|move|p2a: Buzzwole|Ice Punch|p1a: Volcanion\n|-resisted|p1a: Volcanion\n|-damage|p1a: Volcanion|95/100\n|\n|upkeep\n|turn|28\n|\n|t:|1791048410\n|switch|p1a: Tyranitar|Tyranitar, M|49/100\n|-weather|Sandstorm|[from] ability: Sand Stream|[of] p1a: Tyranitar\n|switch|p2a: Dragonite|Dragonite, F|94/100\n|\n|-weather|Sandstorm|[upkeep]\n|-damage|p2a: Dragonite|88/100|[from] Sandstorm\n|upkeep\n|turn|29\n|\n|t:|1791048428\n|switch|p1a: Buzzwole|Buzzwole|94/100\n|switch|p2a: Buzzwole|Buzzwole|100/100\n|\n|-weather|Sandstorm|[upkeep]\n|-damage|p1a: Buzzwole|88/100|[from] Sandstorm\n|-damage|p2a: Buzzwole|94/100|[from] Sandstorm\n|upkeep\n|turn|30\n|\n|t:|1791048434\n|move|p1a: Buzzwole|Toxic|p2a: Buzzwole\n|-status|p2a: Buzzwole|tox\n|move|p2a: Buzzwole|Toxic|p1a: Buzzwole\n|-status|p1a: Buzzwole|tox\n|\n|-weather|Sandstorm|[upkeep]\n|-damage|p1a: Buzzwole|82/100 tox|[from] Sandstorm\n|-damage|p2a: Buzzwole|88/100 tox|[from] Sandstorm\n|-damage|p1a: Buzzwole|76/100 tox|[from] psn\n|-damage|p2a: Buzzwole|82/100 tox|[from] psn\n|upkeep\n|turn|31\n|\n|t:|1791048440\n|switch|p1a: Slowking|Slowking-Galar, M|99/100\n|switch|p2a: Dragonite|Dragonite, F|88/100\n|\n|-weather|Sandstorm|[upkeep]\n|-damage|p2a: Dragonite|82/100|[from] Sandstorm\n|-damage|p1a: Slowking|94/100|[from] Sandstorm\n|upkeep\n|turn|32\n|\n|t:|1791048449\n|switch|p1a: Buzzwole|Buzzwole|76/100 tox\n|move|p2a: Dragonite|Heal Bell|p2a: Dragonite\n|-activate|p2a: Dragonite|move: Heal Bell\n|-curestatus|p2: Gastrodon|psn|[msg]\n|-curestatus|p2: Buzzwole|tox|[msg]\n|\n|-weather|none\n|-damage|p1a: Buzzwole|69/100 tox|[from] psn\n|upkeep\n|turn|33\n|\n|t:|1791048456\n|switch|p2a: Corviknight|Corviknight, F|95/100\n|-damage|p2a: Corviknight|82/100|[from] Stealth Rock\n|-ability|p2a: Corviknight|Pressure\n|move|p1a: Buzzwole|Roost|p1a: Buzzwole\n|-heal|p1a: Buzzwole|100/100 tox\n|-singleturn|p1a: Buzzwole|move: Roost\n|\n|-heal|p2a: Corviknight|88/100|[from] item: Leftovers\n|-damage|p1a: Buzzwole|88/100 tox|[from] psn\n|upkeep\n|turn|34\n|\n|t:|1791048466\n|switch|p1a: Volcanion|Volcanion|95/100\n|move|p2a: Corviknight|Defog|p1a: Volcanion\n|-unboost|p1a: Volcanion|evasion|1\n|-sideend|p2: Fc \u2764|Stealth Rock|[from] move: Defog|[of] p2a: Corviknight\n|\n|-heal|p2a: Corviknight|95/100|[from] item: Leftovers\n|upkeep\n|turn|35\n|\n|t:|1791048471\n|move|p2a: Corviknight|Protect|p2a: Corviknight\n|-singleturn|p2a: Corviknight|Protect\n|move|p1a: Volcanion|Toxic|p2a: Corviknight\n|-activate|p2a: Corviknight|move: Protect\n|\n|-heal|p2a: Corviknight|100/100|[from] item: Leftovers\n|upkeep\n|turn|36\n|\n|t:|1791048480\n|switch|p2a: Clefable|Clefable, M|99/100\n|move|p1a: Volcanion|Toxic|p2a: Clefable\n|-status|p2a: Clefable|tox\n|\n|-heal|p2a: Clefable|100/100 tox|[from] item: Leftovers\n|upkeep\n|turn|37\n|\n|t:|1791048487\n|switch|p1a: Slowking|Slowking-Galar, M|100/100\n|move|p2a: Clefable|Knock Off|p1a: Slowking\n|-supereffective|p1a: Slowking\n|-damage|p1a: Slowking|84/100\n|\n|upkeep\n|turn|38\n|\n|t:|1791048492\n|switch|p1a: Tyranitar|Tyranitar, M|49/100\n|-weather|Sandstorm|[from] ability: Sand Stream|[of] p1a: Tyranitar\n|move|p2a: Clefable|Stealth Rock|p1a: Tyranitar\n|-sidestart|p1: S0meone-r4ndom|move: Stealth Rock\n|\n|-weather|Sandstorm|[upkeep]\n|upkeep\n|turn|39\n|\n|t:|1791048504\n|switch|p2a: Corviknight|Corviknight, F|100/100\n|-ability|p2a: Corviknight|Pressure\n|move|p1a: Tyranitar|Stone Edge|p2a: Corviknight|[miss]\n|-miss|p1a: Tyranitar|p2a: Corviknight\n|\n|-weather|Sandstorm|[upkeep]\n|upkeep\n|turn|40\n|\n|t:|1791048514\n|switch|p1a: Tornadus|Tornadus-Therian, M|100/100 tox\n|move|p2a: Corviknight|Protect||[still]\n|-fail|p2a: Corviknight\n|\n|-weather|Sandstorm|[upkeep]\n|-damage|p1a: Tornadus|94/100 tox|[from] Sandstorm\n|-damage|p1a: Tornadus|88/100 tox|[from] psn\n|upkeep\n|turn|41\n|\n|t:|1791048525\n|move|p2a: Corviknight|Protect|p2a: Corviknight\n|-singleturn|p2a: Corviknight|Protect\n|move|p1a: Tornadus|Defog|p2a: Corviknight\n|-activate|p2a: Corviknight|move: Protect\n|\n|-weather|Sandstorm|[upkeep]\n|-damage|p1a: Tornadus|82/100 tox|[from] Sandstorm\n|-damage|p1a: Tornadus|70/100 tox|[from] psn\n|upkeep\n|turn|42\n|\n|t:|1791048539\n|switch|p2a: Clefable|Clefable, M|100/100 tox\n|move|p1a: Tornadus|Knock Off|p2a: Clefable\n|-resisted|p2a: Clefable\n|-damage|p2a: Clefable|92/100 tox\n|-enditem|p2a: Clefable|Leftovers|[from] move: Knock Off|[of] p1a: Tornadus\n|\n|-weather|none\n|-damage|p1a: Tornadus|51/100 tox|[from] psn\n|upkeep\n|turn|43\n|\n|t:|1791048544\n|move|p1a: Tornadus|U-turn|p2a: Clefable\n|-resisted|p2a: Clefable\n|-damage|p2a: Clefable|86/100 tox\n|\n|t:|1791048546\n|switch|p1a: Slowking|Slowking-Galar, M|100/100|[from] U-turn\n|-damage|p1a: Slowking|88/100|[from] Stealth Rock\n|move|p2a: Clefable|Knock Off|p1a: Slowking\n|-supereffective|p1a: Slowking\n|-damage|p1a: Slowking|72/100\n|\n|upkeep\n|turn|44\n|\n|t:|1791048567\n|move|p2a: Clefable|Knock Off|p1a: Slowking\n|-supereffective|p1a: Slowking\n|-damage|p1a: Slowking|57/100\n|move|p1a: Slowking|Nasty Plot|p1a: Slowking\n|-boost|p1a: Slowking|spa|2\n|\n|upkeep\n|turn|45\n|\n|t:|1791048577\n|switch|p2a: Corviknight|Corviknight, F|100/100\n|-ability|p2a: Corviknight|Pressure\n|move|p1a: Slowking|Psychic|p2a: Corviknight\n|-resisted|p2a: Corviknight\n|-damage|p2a: Corviknight|79/100\n|\n|-heal|p2a: Corviknight|86/100|[from] item: Leftovers\n|upkeep\n|turn|46\n|\n|t:|1791048583\n|switch|p2a: Gastrodon|Gastrodon-East, M|74/100\n|move|p1a: Slowking|Trick||[still]\n|-fail|p1a: Slowking\n|\n|upkeep\n|turn|47\n|\n|t:|1791048591\n|switch|p1a: Tornadus|Tornadus-Therian, M|85/100 tox\n|move|p2a: Gastrodon|Clear Smog|p1a: Tornadus\n|-damage|p1a: Tornadus|73/100 tox\n|-clearboost|p1a: Tornadus\n|\n|-damage|p1a: Tornadus|67/100 tox|[from] psn\n|upkeep\n|turn|48\n|\n|t:|1791048595\n|switch|p1a: Slowking|Slowking-Galar, M|91/100\n|-damage|p1a: Slowking|78/100|[from] Stealth Rock\n|switch|p2a: Clefable|Clefable, M|86/100 tox\n|\n|upkeep\n|turn|49\n|\n|t:|1791048614\n|switch|p2a: Gastrodon|Gastrodon-East, M|74/100\n|switch|p1a: Tornadus|Tornadus-Therian, M|100/100 tox\n|\n|-damage|p1a: Tornadus|94/100 tox|[from] psn\n|upkeep\n|turn|50\n|\n|t:|1791048635\n|move|p1a: Tornadus|Defog|p2a: Gastrodon\n|-unboost|p2a: Gastrodon|evasion|1\n|-sideend|p1: S0meone-r4ndom|Stealth Rock|[from] move: Defog|[of] p1a: Tornadus\n|move|p2a: Gastrodon|Recover|p2a: Gastrodon\n|-heal|p2a: Gastrodon|100/100\n|\n|-damage|p1a: Tornadus|82/100 tox|[from] psn\n|upkeep\n|turn|51\n|\n|t:|1791048642\n|move|p1a: Tornadus|Knock Off|p2a: Gastrodon\n|-damage|p2a: Gastrodon|86/100\n|move|p2a: Gastrodon|Scald|p1a: Tornadus\n|-damage|p1a: Tornadus|54/100 tox\n|\n|-damage|p1a: Tornadus|36/100 tox|[from] psn\n|upkeep\n|turn|52\n|\n|t:|1791048646\n|move|p1a: Tornadus|U-turn|p2a: Gastrodon\n|-damage|p2a: Gastrodon|69/100\n|\n|t:|1791048649\n|switch|p1a: Slowking|Slowking-Galar, M|100/100|[from] U-turn\n|move|p2a: Gastrodon|Scald|p1a: Slowking\n|-damage|p1a: Slowking|78/100\n|\n|upkeep\n|turn|53\n|\n|t:|1791048654\n|switch|p1a: Tornadus|Tornadus-Therian, M|69/100 tox\n|move|p2a: Gastrodon|Scald|p1a: Tornadus\n|-damage|p1a: Tornadus|40/100 tox\n|\n|-damage|p1a: Tornadus|34/100 tox|[from] psn\n|upkeep\n|turn|54\n|\n|t:|1791048658\n|move|p1a: Tornadus|U-turn|p2a: Gastrodon\n|-damage|p2a: Gastrodon|54/100\n|\n|t:|1791048666\n|switch|p1a: Slowking|Slowking-Galar, M|100/100|[from] U-turn\n|move|p2a: Gastrodon|Scald|p1a: Slowking\n|-damage|p1a: Slowking|78/100\n|\n|upkeep\n|turn|55\n|\n|t:|1791048672\n|switch|p1a: Tyranitar|Tyranitar, M|49/100\n|-weather|Sandstorm|[from] ability: Sand Stream|[of] p1a: Tyranitar\n|move|p2a: Gastrodon|Scald|p1a: Tyranitar\n|-supereffective|p1a: Tyranitar\n|-damage|p1a: Tyranitar|12/100\n|-status|p1a: Tyranitar|brn\n|\n|-weather|Sandstorm|[upkeep]\n|-damage|p1a: Tyranitar|6/100 brn|[from] brn\n|upkeep\n|turn|56\n|\n|t:|1791048693\n|switch|p1a: Volcanion|Volcanion|95/100\n|move|p2a: Gastrodon|Recover|p2a: Gastrodon\n|-heal|p2a: Gastrodon|100/100\n|\n|-weather|Sandstorm|[upkeep]\n|-damage|p1a: Volcanion|89/100|[from] Sandstorm\n|upkeep\n|turn|57\n|\n|t:|1791048702\n|switch|p2a: Clefable|Clefable, M|86/100 tox\n|move|p1a: Volcanion|Toxic|p2a: Clefable\n|-fail|p2a: Clefable|tox\n|\n|-weather|Sandstorm|[upkeep]\n|-damage|p1a: Volcanion|83/100|[from] Sandstorm\n|upkeep\n|turn|58\n|\n|t:|1791048706\n|move|p1a: Volcanion|Flamethrower|p2a: Clefable\n|-damage|p2a: Clefable|49/100 tox\n|move|p2a: Clefable|Soft-Boiled|p2a: Clefable\n|-heal|p2a: Clefable|99/100 tox\n|\n|-weather|Sandstorm|[upkeep]\n|-damage|p1a: Volcanion|77/100|[from] Sandstorm\n|upkeep\n|turn|59\n|\n|t:|1791048713\n|switch|p1a: Slowking|Slowking-Galar, M|100/100\n|move|p2a: Clefable|Knock Off|p1a: Slowking\n|-supereffective|p1a: Slowking\n|-damage|p1a: Slowking|86/100\n|\n|-weather|none\n|upkeep\n|turn|60\n|\n|t:|1791048724\n|switch|p2a: Gastrodon|Gastrodon-East, M|100/100\n|switch|p1a: Excadrill|Excadrill, M|100/100\n|\n|upkeep\n|turn|61\n|\n|t:|1791048737\n|switch|p1a: Tornadus|Tornadus-Therian, M|67/100 tox\n|move|p2a: Gastrodon|Scald|p1a: Tornadus\n|-damage|p1a: Tornadus|38/100 tox\n|\n|-damage|p1a: Tornadus|32/100 tox|[from] psn\n|upkeep\n|turn|62\n|\n|t:|1791048741\n|switch|p1a: Slowking|Slowking-Galar, M|100/100\n|move|p2a: Gastrodon|Scald|p1a: Slowking\n|-damage|p1a: Slowking|80/100\n|-status|p1a: Slowking|brn\n|\n|-damage|p1a: Slowking|74/100 brn|[from] brn\n|upkeep\n|turn|63\n|\n|t:|1791048749\n|switch|p2a: Clefable|Clefable, M|99/100 tox\n|switch|p1a: Tornadus|Tornadus-Therian, M|65/100 tox\n|\n|-damage|p1a: Tornadus|59/100 tox|[from] psn\n|upkeep\n|turn|64\n|\n|t:|1791048752\n|switch|p1a: Slowking|Slowking-Galar, M|100/100 brn\n|move|p2a: Clefable|Stealth Rock|p1a: Slowking\n|-sidestart|p1: S0meone-r4ndom|move: Stealth Rock\n|\n|-damage|p1a: Slowking|94/100 brn|[from] brn\n|upkeep\n|turn|65\n|\n|t:|1791048761\n|switch|p1a: Tornadus|Tornadus-Therian, M|92/100 tox\n|move|p2a: Clefable|Knock Off|p1a: Tornadus\n|-damage|p1a: Tornadus|78/100 tox\n|-enditem|p1a: Tornadus|Heavy-Duty Boots|[from] move: Knock Off|[of] p2a: Clefable\n|\n|-damage|p1a: Tornadus|71/100 tox|[from] psn\n|upkeep\n|turn|66\n|\n|t:|1791048769\n|move|p1a: Tornadus|U-turn|p2a: Clefable\n|-resisted|p2a: Clefable\n|-damage|p2a: Clefable|93/100 tox\n|\n|t:|1791048770\n|switch|p1a: Slowking|Slowking-Galar, M|100/100 brn|[from] U-turn\n|-damage|p1a: Slowking|88/100 brn|[from] Stealth Rock\n|move|p2a: Clefable|Moonblast|p1a: Slowking\n|-resisted|p1a: Slowking\n|-damage|p1a: Slowking|74/100 brn\n|\n|-damage|p1a: Slowking|68/100 brn|[from] brn\n|upkeep\n|turn|67\n|\n|t:|1791048776\n|switch|p2a: Corviknight|Corviknight, F|86/100\n|-ability|p2a: Corviknight|Pressure\n|switch|p1a: Tornadus|Tornadus-Therian, M|100/100 tox\n|-damage|p1a: Tornadus|76/100 tox|[from] Stealth Rock\n|\n|-heal|p2a: Corviknight|92/100|[from] item: Leftovers\n|-damage|p1a: Tornadus|69/100 tox|[from] psn\n|upkeep\n|turn|68\n|\n|t:|1791048790\n|switch|p1a: Slowking|Slowking-Galar, M|100/100 brn\n|-damage|p1a: Slowking|88/100 brn|[from] Stealth Rock\n|move|p2a: Corviknight|Protect||[still]\n|-fail|p2a: Corviknight\n|\n|-heal|p2a: Corviknight|98/100|[from] item: Leftovers\n|-damage|p1a: Slowking|82/100 brn|[from] brn\n|upkeep\n|turn|69\n|\n|t:|1791048795\n|switch|p2a: Gastrodon|Gastrodon-East, M|100/100\n|switch|p1a: Tornadus|Tornadus-Therian, M|100/100 tox\n|-damage|p1a: Tornadus|76/100 tox|[from] Stealth Rock\n|\n|-damage|p1a: Tornadus|69/100 tox|[from] psn\n|upkeep\n|turn|70\n|\n|t:|1791048799\n|move|p1a: Tornadus|Heat Wave|p2a: Gastrodon\n|-resisted|p2a: Gastrodon\n|-damage|p2a: Gastrodon|93/100\n|move|p2a: Gastrodon|Scald|p1a: Tornadus\n|-damage|p1a: Tornadus|43/100 tox\n|\n|-damage|p1a: Tornadus|31/100 tox|[from] psn\n|upkeep\n|turn|71\n|\n|t:|1791048805\n|switch|p1a: Slowking|Slowking-Galar, M|100/100 brn\n|-damage|p1a: Slowking|88/100 brn|[from] Stealth Rock\n|switch|p2a: Dragonite|Dragonite, F|82/100\n|\n|-damage|p1a: Slowking|82/100 brn|[from] brn\n|upkeep\n|turn|72\n|\n|t:|1791048811\n|move|p2a: Dragonite|Flamethrower|p1a: Slowking\n|-damage|p1a: Slowking|66/100 brn\n|move|p1a: Slowking|Sludge Bomb|p2a: Dragonite\n|-damage|p2a: Dragonite|60/100\n|\n|-damage|p1a: Slowking|59/100 brn|[from] brn\n|upkeep\n|turn|73\n|\n|t:|1791048827\n|switch|p1a: Buzzwole|Buzzwole|88/100 tox\n|-damage|p1a: Buzzwole|76/100 tox|[from] Stealth Rock\n|move|p2a: Dragonite|Roost|p2a: Dragonite\n|-heal|p2a: Dragonite|100/100\n|-singleturn|p2a: Dragonite|move: Roost\n|\n|-damage|p1a: Buzzwole|69/100 tox|[from] psn\n|upkeep\n|turn|74\n|\n|t:|1791048837\n|switch|p2a: Clefable|Clefable, M|93/100 tox\n|move|p1a: Buzzwole|Ice Punch|p2a: Clefable\n|-damage|p2a: Clefable|72/100 tox\n|\n|-damage|p1a: Buzzwole|57/100 tox|[from] psn\n|upkeep\n|turn|75\n|\n|t:|1791048841\n|switch|p1a: Tornadus|Tornadus-Therian, M|64/100 tox\n|-damage|p1a: Tornadus|39/100 tox|[from] Stealth Rock\n|move|p2a: Clefable|Soft-Boiled|p2a: Clefable\n|-heal|p2a: Clefable|100/100 tox\n|\n|-damage|p1a: Tornadus|33/100 tox|[from] psn\n|upkeep\n|turn|76\n|\n|t:|1791048844\n|move|p1a: Tornadus|U-turn|p2a: Clefable\n|-resisted|p2a: Clefable\n|-damage|p2a: Clefable|94/100 tox\n|\n|t:|1791048847\n|switch|p1a: Slowking|Slowking-Galar, M|93/100 brn|[from] U-turn\n|-damage|p1a: Slowking|80/100 brn|[from] Stealth Rock\n|move|p2a: Clefable|Moonblast|p1a: Slowking\n|-resisted|p1a: Slowking\n|-damage|p1a: Slowking|67/100 brn\n|-unboost|p1a: Slowking|spa|1\n|\n|-damage|p1a: Slowking|61/100 brn|[from] brn\n|upkeep\n|turn|77\n|\n|t:|1791048862\n|switch|p1a: Excadrill|Excadrill, M|100/100\n|-damage|p1a: Excadrill|97/100|[from] Stealth Rock\n|move|p2a: Clefable|Moonblast|p1a: Excadrill\n|-resisted|p1a: Excadrill\n|-damage|p1a: Excadrill|77/100\n|\n|-heal|p1a: Excadrill|83/100|[from] item: Leftovers\n|upkeep\n|turn|78\n|\n|t:|1791048873\n|move|p1a: Excadrill|Stealth Rock|p2a: Clefable\n|-sidestart|p2: Fc \u2764|move: Stealth Rock\n|move|p2a: Clefable|Knock Off|p1a: Excadrill\n|-damage|p1a: Excadrill|62/100\n|-enditem|p1a: Excadrill|Leftovers|[from] move: Knock Off|[of] p2a: Clefable\n|\n|upkeep\n|turn|79\n|\n|t:|1791048880\n|switch|p2a: Buzzwole|Buzzwole|82/100\n|move|p1a: Excadrill|Swords Dance|p1a: Excadrill\n|-boost|p1a: Excadrill|atk|2\n|\n|upkeep\n|turn|80\n|\n|t:|1791048881\n|move|p1a: Excadrill|Iron Head|p2a: Buzzwole\n|-damage|p2a: Buzzwole|36/100\n|cant|p2a: Buzzwole|flinch\n|\n|upkeep\n|turn|81\n|\n|t:|1791048885\n|move|p1a: Excadrill|Iron Head|p2a: Buzzwole\n|-damage|p2a: Buzzwole|0 fnt\n|faint|p2a: Buzzwole\n|\n|upkeep\n|\n|t:|1791048886\n|switch|p2a: Dragonite|Dragonite, F|100/100\n|turn|82\n|\n|t:|1791048905\n|move|p1a: Excadrill|Iron Head|p2a: Dragonite\n|-damage|p2a: Dragonite|58/100\n|move|p2a: Dragonite|Earthquake|p1a: Excadrill\n|-supereffective|p1a: Excadrill\n|-damage|p1a: Excadrill|0 fnt\n|faint|p1a: Excadrill\n|\n|upkeep\n|\n|t:|1791048915\n|switch|p1a: Volcanion|Volcanion|77/100\n|turn|83\n|\n|t:|1791048920\n|move|p1a: Volcanion|Steam Eruption|p2a: Dragonite\n|-resisted|p2a: Dragonite\n|-damage|p2a: Dragonite|40/100\n|move|p2a: Dragonite|Earthquake|p1a: Volcanion\n|-supereffective|p1a: Volcanion\n|-damage|p1a: Volcanion|19/100\n|\n|upkeep\n|turn|84\n|\n|t:|1791048930\n|switch|p1a: Buzzwole|Buzzwole|57/100 tox\n|-damage|p1a: Buzzwole|44/100 tox|[from] Stealth Rock\n|move|p2a: Dragonite|Roost|p2a: Dragonite\n|-heal|p2a: Dragonite|90/100\n|-singleturn|p2a: Dragonite|move: Roost\n|\n|-damage|p1a: Buzzwole|38/100 tox|[from] psn\n|upkeep\n|turn|85\n|\n|t:|1791048935\n|switch|p1a: Volcanion|Volcanion|19/100\n|switch|p2a: Clefable|Clefable, M|94/100 tox\n|\n|upkeep\n|turn|86\n|\n|t:|1791048938\n|move|p1a: Volcanion|Steam Eruption|p2a: Clefable\n|-damage|p2a: Clefable|48/100 tox\n|move|p2a: Clefable|Soft-Boiled|p2a: Clefable\n|-heal|p2a: Clefable|98/100 tox\n|\n|upkeep\n|turn|87\n|\n|t:|1791048943\n|move|p1a: Volcanion|Steam Eruption|p2a: Clefable\n|-damage|p2a: Clefable|55/100 tox\n|move|p2a: Clefable|Soft-Boiled|p2a: Clefable\n|-heal|p2a: Clefable|100/100 tox\n|\n|upkeep\n|turn|88\n|\n|t:|1791048949\n|switch|p1a: Slowking|Slowking-Galar, M|94/100 brn\n|-damage|p1a: Slowking|82/100 brn|[from] Stealth Rock\n|switch|p2a: Gastrodon|Gastrodon-East, M|93/100\n|-damage|p2a: Gastrodon|87/100|[from] Stealth Rock\n|\n|-damage|p1a: Slowking|76/100 brn|[from] brn\n|upkeep\n|turn|89\n|\n|t:|1791048959\n|move|p2a: Gastrodon|Toxic||[still]\n|-fail|p2a: Gastrodon\n|move|p1a: Slowking|Nasty Plot|p1a: Slowking\n|-boost|p1a: Slowking|spa|2\n|\n|-damage|p1a: Slowking|70/100 brn|[from] brn\n|upkeep\n|turn|90\n|\n|t:|1791048972\n|move|p2a: Gastrodon|Clear Smog|p1a: Slowking\n|-resisted|p1a: Slowking\n|-damage|p1a: Slowking|65/100 brn\n|-clearboost|p1a: Slowking\n|move|p1a: Slowking|Sludge Bomb|p2a: Gastrodon\n|-resisted|p2a: Gastrodon\n|-damage|p2a: Gastrodon|77/100\n|-status|p2a: Gastrodon|psn\n|\n|-damage|p2a: Gastrodon|64/100 psn|[from] psn\n|-damage|p1a: Slowking|59/100 brn|[from] brn\n|upkeep\n|turn|91\n|\n|t:|1791048976\n|move|p2a: Gastrodon|Recover|p2a: Gastrodon\n|-heal|p2a: Gastrodon|100/100 psn\n|move|p1a: Slowking|Nasty Plot|p1a: Slowking\n|-boost|p1a: Slowking|spa|2\n|\n|-damage|p2a: Gastrodon|88/100 psn|[from] psn\n|-damage|p1a: Slowking|53/100 brn|[from] brn\n|upkeep\n|turn|92\n|\n|t:|1791048978\n|move|p2a: Gastrodon|Clear Smog|p1a: Slowking\n|-resisted|p1a: Slowking\n|-damage|p1a: Slowking|48/100 brn\n|-clearboost|p1a: Slowking\n|move|p1a: Slowking|Nasty Plot|p1a: Slowking\n|-boost|p1a: Slowking|spa|2\n|\n|-damage|p2a: Gastrodon|76/100 psn|[from] psn\n|-damage|p1a: Slowking|42/100 brn|[from] brn\n|upkeep\n|turn|93\n|\n|t:|1791048981\n|move|p2a: Gastrodon|Clear Smog|p1a: Slowking\n|-resisted|p1a: Slowking\n|-damage|p1a: Slowking|37/100 brn\n|-clearboost|p1a: Slowking\n|move|p1a: Slowking|Nasty Plot|p1a: Slowking\n|-boost|p1a: Slowking|spa|2\n|\n|-damage|p2a: Gastrodon|64/100 psn|[from] psn\n|-damage|p1a: Slowking|31/100 brn|[from] brn\n|upkeep\n|turn|94\n|\n|t:|1791048991\n|switch|p1a: Buzzwole|Buzzwole|38/100 tox\n|-damage|p1a: Buzzwole|26/100 tox|[from] Stealth Rock\n|move|p2a: Gastrodon|Clear Smog|p1a: Buzzwole\n|-damage|p1a: Buzzwole|11/100 tox\n|-clearboost|p1a: Buzzwole\n|\n|-damage|p1a: Buzzwole|5/100 tox|[from] psn\n|-damage|p2a: Gastrodon|51/100 psn|[from] psn\n|upkeep\n|turn|95\n|\n|t:|1791048996\n|move|p1a: Buzzwole|Roost|p1a: Buzzwole\n|-heal|p1a: Buzzwole|55/100 tox\n|-singleturn|p1a: Buzzwole|move: Roost\n|move|p2a: Gastrodon|Recover|p2a: Gastrodon\n|-heal|p2a: Gastrodon|100/100 psn\n|\n|-damage|p1a: Buzzwole|42/100 tox|[from] psn\n|-damage|p2a: Gastrodon|88/100 psn|[from] psn\n|upkeep\n|turn|96\n|\n|t:|1791049001\n|switch|p2a: Clefable|Clefable, M|100/100 tox\n|move|p1a: Buzzwole|Roost|p1a: Buzzwole\n|-heal|p1a: Buzzwole|93/100 tox\n|-singleturn|p1a: Buzzwole|move: Roost\n|\n|-damage|p1a: Buzzwole|74/100 tox|[from] psn\n|upkeep\n|turn|97\n|\n|t:|1791049004\n|switch|p1a: Slowking|Slowking-Galar, M|64/100 brn\n|-damage|p1a: Slowking|52/100 brn|[from] Stealth Rock\n|move|p2a: Clefable|Moonblast|p1a: Slowking\n|-resisted|p1a: Slowking\n|-damage|p1a: Slowking|39/100 brn\n|\n|-damage|p1a: Slowking|32/100 brn|[from] brn\n|upkeep\n|turn|98\n|\n|t:|1791049012\n|switch|p2a: Dragonite|Dragonite, F|90/100\n|move|p1a: Slowking|Sludge Bomb|p2a: Dragonite\n|-crit|p2a: Dragonite\n|-damage|p2a: Dragonite|53/100\n|\n|-damage|p1a: Slowking|26/100 brn|[from] brn\n|upkeep\n|turn|99\n|\n|t:|1791049018\n|switch|p1a: Tornadus|Tornadus-Therian, M|67/100 tox\n|-damage|p1a: Tornadus|42/100 tox|[from] Stealth Rock\n|move|p2a: Dragonite|Roost|p2a: Dragonite\n|-heal|p2a: Dragonite|100/100\n|-singleturn|p2a: Dragonite|move: Roost\n|\n|-damage|p1a: Tornadus|36/100 tox|[from] psn\n|upkeep\n|turn|100\n|\n|t:|1791049022\n|switch|p2a: Clefable|Clefable, M|100/100 tox\n|move|p1a: Tornadus|U-turn|p2a: Clefable\n|-resisted|p2a: Clefable\n|-crit|p2a: Clefable\n|-damage|p2a: Clefable|90/100 tox\n|\n|t:|1791049026\n|switch|p1a: Slowking|Slowking-Galar, M|60/100 brn|[from] U-turn\n|-damage|p1a: Slowking|47/100 brn|[from] Stealth Rock\n|\n|-damage|p1a: Slowking|41/100 brn|[from] brn\n|upkeep\n|turn|101\n|\n|t:|1791049032\n|move|p2a: Clefable|Moonblast|p1a: Slowking\n|-resisted|p1a: Slowking\n|-damage|p1a: Slowking|27/100 brn\n|move|p1a: Slowking|Trick||[still]\n|-fail|p1a: Slowking\n|\n|-damage|p1a: Slowking|21/100 brn|[from] brn\n|upkeep\n|turn|102\n|\n|t:|1791049039\n|move|p2a: Clefable|Moonblast|p1a: Slowking\n|-resisted|p1a: Slowking\n|-damage|p1a: Slowking|8/100 brn\n|move|p1a: Slowking|Sludge Bomb|p2a: Clefable\n|-supereffective|p2a: Clefable\n|-damage|p2a: Clefable|32/100 tox\n|\n|-damage|p1a: Slowking|2/100 brn|[from] brn\n|upkeep\n|turn|103\n|\n|t:|1791049049\n|switch|p1a: Volcanion|Volcanion|19/100\n|move|p2a: Clefable|Soft-Boiled|p2a: Clefable\n|-heal|p2a: Clefable|82/100 tox\n|\n|upkeep\n|turn|104\n|\n|t:|1791049055\n|switch|p2a: Dragonite|Dragonite, F|100/100\n|move|p1a: Volcanion|Steam Eruption|p2a: Dragonite\n|-resisted|p2a: Dragonite\n|-damage|p2a: Dragonite|91/100\n|\n|upkeep\n|turn|105\n|\n|t:|1791049062\n|switch|p1a: Tornadus|Tornadus-Therian, M|69/100 tox\n|-damage|p1a: Tornadus|44/100 tox|[from] Stealth Rock\n|move|p2a: Dragonite|Heal Bell|p2a: Dragonite\n|-activate|p2a: Dragonite|move: Heal Bell\n|-curestatus|p2: Clefable|tox|[msg]\n|-curestatus|p2: Gastrodon|psn|[msg]\n|\n|-damage|p1a: Tornadus|38/100 tox|[from] psn\n|upkeep\n|turn|106\n|\n|t:|1791049068\n|move|p1a: Tornadus|U-turn|p2a: Dragonite\n|-resisted|p2a: Dragonite\n|-damage|p2a: Dragonite|85/100\n|\n|t:|1791049074\n|switch|p1a: Buzzwole|Buzzwole|74/100 tox|[from] U-turn\n|-damage|p1a: Buzzwole|61/100 tox|[from] Stealth Rock\n|move|p2a: Dragonite|Roost|p2a: Dragonite\n|-heal|p2a: Dragonite|100/100\n|-singleturn|p2a: Dragonite|move: Roost\n|\n|-damage|p1a: Buzzwole|55/100 tox|[from] psn\n|upkeep\n|turn|107\n|\n|t:|1791049079\n|switch|p1a: Tornadus|Tornadus-Therian, M|71/100 tox\n|-damage|p1a: Tornadus|46/100 tox|[from] Stealth Rock\n|switch|p2a: Clefable|Clefable, M|82/100\n|\n|-damage|p1a: Tornadus|40/100 tox|[from] psn\n|upkeep\n|turn|108\n|\n|t:|1791049086\n|move|p1a: Tornadus|Heat Wave|p2a: Clefable\n|-damage|p2a: Clefable|62/100\n|move|p2a: Clefable|Knock Off|p1a: Tornadus\n|-damage|p1a: Tornadus|30/100 tox\n|\n|-damage|p1a: Tornadus|18/100 tox|[from] psn\n|upkeep\n|turn|109\n|\n|t:|1791049092\n|move|p1a: Tornadus|U-turn|p2a: Clefable\n|-resisted|p2a: Clefable\n|-damage|p2a: Clefable|56/100\n|\n|t:|1791049094\n|switch|p1a: Slowking|Slowking-Galar, M|35/100 brn|[from] U-turn\n|-damage|p1a: Slowking|23/100 brn|[from] Stealth Rock\n|move|p2a: Clefable|Knock Off|p1a: Slowking\n|-supereffective|p1a: Slowking\n|-damage|p1a: Slowking|7/100 brn\n|\n|-damage|p1a: Slowking|1/100 brn|[from] brn\n|upkeep\n|turn|110\n|\n|t:|1791049097\n|switch|p1a: Tornadus|Tornadus-Therian, M|51/100 tox\n|-damage|p1a: Tornadus|27/100 tox|[from] Stealth Rock\n|move|p2a: Clefable|Soft-Boiled|p2a: Clefable\n|-heal|p2a: Clefable|100/100\n|\n|-damage|p1a: Tornadus|20/100 tox|[from] psn\n|upkeep\n|turn|111\n|\n|t:|1791049100\n|move|p1a: Tornadus|U-turn|p2a: Clefable\n|-resisted|p2a: Clefable\n|-damage|p2a: Clefable|94/100\n|\n|t:|1791049104\n|switch|p1a: Slowking|Slowking-Galar, M|35/100 brn|[from] U-turn\n|-damage|p1a: Slowking|22/100 brn|[from] Stealth Rock\n|move|p2a: Clefable|Moonblast|p1a: Slowking\n|-resisted|p1a: Slowking\n|-damage|p1a: Slowking|10/100 brn\n|-unboost|p1a: Slowking|spa|1\n|\n|-damage|p1a: Slowking|3/100 brn|[from] brn\n|upkeep\n|turn|112\n|\n|t:|1791049112\n|switch|p1a: Volcanion|Volcanion|19/100\n|move|p2a: Clefable|Knock Off|p1a: Volcanion\n|-damage|p1a: Volcanion|4/100\n|-enditem|p1a: Volcanion|Heavy-Duty Boots|[from] move: Knock Off|[of] p2a: Clefable\n|\n|upkeep\n|turn|113\n|\n|t:|1791049115\n|switch|p2a: Gastrodon|Gastrodon-East, M|88/100\n|-damage|p2a: Gastrodon|82/100|[from] Stealth Rock\n|move|p1a: Volcanion|Steam Eruption|p2a: Gastrodon\n|-ability|p2a: Gastrodon|Storm Drain|boost\n|-boost|p2a: Gastrodon|spa|1\n|\n|upkeep\n|turn|114\n|\n|t:|1791049119\n|move|p1a: Volcanion|Toxic|p2a: Gastrodon|[miss]\n|-miss|p1a: Volcanion|p2a: Gastrodon\n|move|p2a: Gastrodon|Clear Smog|p1a: Volcanion\n|-crit|p1a: Volcanion\n|-damage|p1a: Volcanion|0 fnt\n|-clearboost|p1a: Volcanion\n|faint|p1a: Volcanion\n|\n|upkeep\n|c|\u2606S0meone-r4ndom|gg\n|-message|S0meone-r4ndom forfeited.\n|\n|win|Fc \u2764\n|player|p1|\n|c|\u2606Fc \u2764|ggs\n", "uploadtime": 1791049127, "views": "131", "formatid": "gen8ou", "rating": null, "private": 0, "password": null}