{"id": "smogtours-gen8ou-974953", "format": "[Gen 8] OU", "players": ["metagross773", "Winterbub"], "log": "|inactive|Battle timer is ON: inactive players will automatically lose when time's up.\n|t:|1790528616\n|gametype|singles\n|player|p1|metagross773|steven-masters|\n|player|p2|Winterbub|aquagruntf|\n|gen|8\n|tier|[Gen 8] OU\n|rule|HP Percentage Mod: HP is shown in percentages\n|rule|Endless Battle Clause: Forcing endless battles is banned\n|rule|Sleep Clause Mod: Limit one foe put to sleep\n|rule|Species Clause: Limit one of each Pok\u00e9mon\n|rule|OHKO Clause: OHKO moves are banned\n|rule|Evasion Items Clause: Evasion items are banned\n|rule|Evasion Moves Clause: Evasion moves are banned\n|rule|Dynamax Clause: You cannot dynamax\n|clearpoke\n|poke|p1|Tapu Lele|\n|poke|p1|Heatran, F|\n|poke|p1|Urshifu-*, M|\n|poke|p1|Landorus-Therian, M|\n|poke|p1|Kartana|\n|poke|p1|Rotom-Wash|\n|poke|p2|Blacephalon|\n|poke|p2|Rotom-Wash|\n|poke|p2|Rillaboom, M|\n|poke|p2|Heatran, M|\n|poke|p2|Landorus-Therian, M|\n|poke|p2|Dragapult, M|\n|teampreview\n|c|\u2606Winterbub|glhf\n|c|\u2606metagross773|gl hf\n|inactive|Winterbub has 270 seconds left.\n|\n|t:|1790528649\n|teamsize|p1|6\n|teamsize|p2|6\n|start\n|switch|p1a: Heatran|Heatran, F|100/100\n|switch|p2a: Rotom|Rotom-Wash|100/100\n|turn|1\n|\n|t:|1790528653\n|move|p2a: Rotom|Hydro Pump|p1a: Heatran\n|-supereffective|p1a: Heatran\n|-damage|p1a: Heatran|32/100\n|move|p1a: Heatran|Toxic|p2a: Rotom\n|-status|p2a: Rotom|tox\n|\n|-heal|p1a: Heatran|38/100|[from] item: Leftovers\n|-damage|p2a: Rotom|94/100 tox|[from] psn\n|upkeep\n|turn|2\n|\n|t:|1790528659\n|switch|p1a: Rotom|Rotom-Wash|100/100\n|move|p2a: Rotom|Volt Switch|p1a: Rotom\n|-damage|p1a: Rotom|80/100\n|\n|t:|1790528686\n|switch|p2a: Rillaboom|Rillaboom, M|100/100|[from] Volt Switch\n|-fieldstart|move: Grassy Terrain|[from] ability: Grassy Surge|[of] p2a: Rillaboom\n|\n|-heal|p1a: Rotom|86/100|[from] item: Leftovers\n|upkeep\n|turn|3\n|inactive|Winterbub has 270 seconds left.\n|\n|t:|1790528710\n|switch|p2a: Heatran|Heatran, M|100/100\n|switch|p1a: Landorus|Landorus-Therian, M|100/100\n|-ability|p1a: Landorus|Intimidate|boost\n|-unboost|p2a: Heatran|atk|1\n|\n|upkeep\n|turn|4\n|inactive|metagross773 has 270 seconds left.\n|inactive|Winterbub has 270 seconds left.\n|\n|t:|1790528749\n|move|p2a: Heatran|Stealth Rock|p1a: Landorus\n|-sidestart|p1: metagross773|move: Stealth Rock\n|move|p1a: Landorus|U-turn|p2a: Heatran\n|-resisted|p2a: Heatran\n|-damage|p2a: Heatran|96/100\n|-status|p1a: Landorus|brn|[from] ability: Flame Body|[of] p2a: Heatran\n|\n|t:|1790528751\n|switch|p1a: Heatran|Heatran, F|38/100|[from] U-turn\n|-damage|p1a: Heatran|26/100|[from] Stealth Rock\n|\n|-heal|p2a: Heatran|100/100|[from] Grassy Terrain\n|-heal|p1a: Heatran|32/100|[from] Grassy Terrain\n|-heal|p1a: Heatran|38/100|[from] item: Leftovers\n|upkeep\n|turn|5\n|\n|t:|1790528758\n|move|p1a: Heatran|Protect|p1a: Heatran\n|-singleturn|p1a: Heatran|Protect\n|move|p2a: Heatran|Earth Power|p1a: Heatran\n|-activate|p1a: Heatran|move: Protect\n|\n|-heal|p1a: Heatran|44/100|[from] Grassy Terrain\n|-heal|p1a: Heatran|51/100|[from] item: Leftovers\n|upkeep\n|turn|6\n|\n|t:|1790528763\n|switch|p1a: Rotom|Rotom-Wash|86/100\n|-damage|p1a: Rotom|73/100|[from] Stealth Rock\n|move|p2a: Heatran|Earth Power|p1a: Rotom\n|-immune|p1a: Rotom|[from] ability: Levitate\n|\n|-heal|p1a: Rotom|79/100|[from] item: Leftovers\n|-fieldend|move: Grassy Terrain\n|upkeep\n|turn|7\n|\n|t:|1790528774\n|switch|p2a: Dragapult|Dragapult, M|100/100\n|move|p1a: Rotom|Volt Switch|p2a: Dragapult\n|-resisted|p2a: Dragapult\n|-damage|p2a: Dragapult|84/100\n|\n|t:|1790528777\n|switch|p1a: Landorus|Landorus-Therian, M|100/100 brn|[from] Volt Switch\n|-damage|p1a: Landorus|88/100 brn|[from] Stealth Rock\n|-ability|p1a: Landorus|Intimidate|boost\n|-unboost|p2a: Dragapult|atk|1\n|\n|-heal|p1a: Landorus|94/100 brn|[from] item: Leftovers\n|-damage|p1a: Landorus|88/100 brn|[from] brn\n|upkeep\n|turn|8\n|\n|t:|1790528780\n|move|p2a: Dragapult|U-turn|p1a: Landorus\n|-resisted|p1a: Landorus\n|-damage|p1a: Landorus|83/100 brn\n|\n|t:|1790528789\n|switch|p2a: Landorus|Landorus-Therian, M|100/100|[from] U-turn\n|-ability|p2a: Landorus|Intimidate|boost\n|-unboost|p1a: Landorus|atk|1\n|move|p1a: Landorus|Defog|p2a: Landorus\n|-unboost|p2a: Landorus|evasion|1\n|-sideend|p1: metagross773|Stealth Rock|[from] move: Defog|[of] p1a: Landorus\n|\n|-heal|p1a: Landorus|89/100 brn|[from] item: Leftovers\n|-damage|p1a: Landorus|83/100 brn|[from] brn\n|upkeep\n|turn|9\n|\n|t:|1790528806\n|move|p2a: Landorus|U-turn|p1a: Landorus\n|-resisted|p1a: Landorus\n|-damage|p1a: Landorus|74/100 brn\n|\n|t:|1790528813\n|switch|p2a: Rotom|Rotom-Wash|94/100 tox|[from] U-turn\n|move|p1a: Landorus|Knock Off|p2a: Rotom\n|-damage|p2a: Rotom|85/100 tox\n|-enditem|p2a: Rotom|Leftovers|[from] move: Knock Off|[of] p1a: Landorus\n|\n|-heal|p1a: Landorus|80/100 brn|[from] item: Leftovers\n|-damage|p2a: Rotom|79/100 tox|[from] psn\n|-damage|p1a: Landorus|74/100 brn|[from] brn\n|upkeep\n|turn|10\n|\n|t:|1790528830\n|switch|p1a: Rotom|Rotom-Wash|79/100\n|move|p2a: Rotom|Hydro Pump|p1a: Rotom|[miss]\n|-miss|p2a: Rotom|p1a: Rotom\n|\n|-heal|p1a: Rotom|85/100|[from] item: Leftovers\n|-damage|p2a: Rotom|67/100 tox|[from] psn\n|upkeep\n|turn|11\n|\n|t:|1790528846\n|move|p2a: Rotom|Volt Switch|p1a: Rotom\n|-damage|p1a: Rotom|66/100\n|\n|t:|1790528857\n|switch|p2a: Rillaboom|Rillaboom, M|100/100|[from] Volt Switch\n|-fieldstart|move: Grassy Terrain|[from] ability: Grassy Surge|[of] p2a: Rillaboom\n|move|p1a: Rotom|Thunder Wave|p2a: Rillaboom|[miss]\n|-miss|p1a: Rotom|p2a: Rillaboom\n|\n|-heal|p1a: Rotom|72/100|[from] item: Leftovers\n|upkeep\n|turn|12\n|\n|t:|1790528880\n|switch|p1a: Landorus|Landorus-Therian, M|74/100 brn\n|-ability|p1a: Landorus|Intimidate|boost\n|-unboost|p2a: Rillaboom|atk|1\n|move|p2a: Rillaboom|Knock Off|p1a: Landorus\n|-damage|p1a: Landorus|54/100 brn\n|-enditem|p1a: Landorus|Leftovers|[from] move: Knock Off|[of] p2a: Rillaboom\n|\n|-damage|p1a: Landorus|48/100 brn|[from] brn\n|upkeep\n|turn|13\n|\n|t:|1790528887\n|switch|p2a: Landorus|Landorus-Therian, M|100/100\n|-ability|p2a: Landorus|Intimidate|boost\n|-unboost|p1a: Landorus|atk|1\n|move|p1a: Landorus|U-turn|p2a: Landorus\n|-resisted|p2a: Landorus\n|-damage|p2a: Landorus|97/100\n|\n|t:|1790528891\n|switch|p1a: Rotom|Rotom-Wash|72/100|[from] U-turn\n|\n|-heal|p2a: Landorus|100/100|[from] item: Leftovers\n|-heal|p1a: Rotom|78/100|[from] item: Leftovers\n|upkeep\n|turn|14\n|\n|t:|1790528898\n|move|p2a: Landorus|Toxic|p1a: Rotom\n|-status|p1a: Rotom|tox\n|move|p1a: Rotom|Hydro Pump|p2a: Landorus\n|-supereffective|p2a: Landorus\n|-damage|p2a: Landorus|43/100\n|\n|-heal|p2a: Landorus|49/100|[from] item: Leftovers\n|-heal|p1a: Rotom|84/100 tox|[from] item: Leftovers\n|-damage|p1a: Rotom|78/100 tox|[from] psn\n|upkeep\n|turn|15\n|\n|t:|1790528904\n|move|p2a: Landorus|U-turn|p1a: Rotom\n|-damage|p1a: Rotom|55/100 tox\n|\n|t:|1790528906\n|switch|p2a: Rotom|Rotom-Wash|67/100 tox|[from] U-turn\n|move|p1a: Rotom|Thunder Wave||[still]\n|-fail|p1a: Rotom\n|\n|-heal|p1a: Rotom|61/100 tox|[from] item: Leftovers\n|-damage|p2a: Rotom|60/100 tox|[from] psn\n|-damage|p1a: Rotom|49/100 tox|[from] psn\n|-fieldend|move: Grassy Terrain\n|upkeep\n|turn|16\n|\n|t:|1790528912\n|move|p2a: Rotom|Hydro Pump|p1a: Rotom|[miss]\n|-miss|p2a: Rotom|p1a: Rotom\n|move|p1a: Rotom|Pain Split|p2a: Rotom\n|-sethp|p2a: Rotom|54/100 tox|[from] move: Pain Split|[silent]\n|-sethp|p1a: Rotom|55/100 tox|[from] move: Pain Split\n|\n|-heal|p1a: Rotom|61/100 tox|[from] item: Leftovers\n|-damage|p2a: Rotom|42/100 tox|[from] psn\n|-damage|p1a: Rotom|43/100 tox|[from] psn\n|upkeep\n|turn|17\n|\n|t:|1790528917\n|move|p2a: Rotom|Hydro Pump|p1a: Rotom|[miss]\n|-miss|p2a: Rotom|p1a: Rotom\n|move|p1a: Rotom|Volt Switch|p2a: Rotom\n|-damage|p2a: Rotom|15/100 tox\n|\n|t:|1790528923\n|switch|p1a: Urshifu|Urshifu-Rapid-Strike, M|100/100|[from] Volt Switch\n|\n|-damage|p2a: Rotom|0 fnt|[from] psn\n|faint|p2a: Rotom\n|upkeep\n|\n|t:|1790528938\n|switch|p2a: Dragapult|Dragapult, M|84/100\n|turn|18\n|\n|t:|1790528953\n|switch|p1a: Rotom|Rotom-Wash|43/100 tox\n|move|p2a: Dragapult|Draco Meteor|p1a: Rotom\n|-damage|p1a: Rotom|0 fnt\n|-unboost|p2a: Dragapult|spa|2\n|faint|p1a: Rotom\n|\n|upkeep\n|\n|t:|1790528959\n|switch|p1a: Kartana|Kartana|100/100\n|turn|19\n|\n|t:|1790528964\n|switch|p2a: Heatran|Heatran, M|100/100\n|move|p1a: Kartana|Knock Off|p2a: Heatran\n|-crit|p2a: Heatran\n|-damage|p2a: Heatran|47/100\n|-status|p1a: Kartana|brn|[from] ability: Flame Body|[of] p2a: Heatran\n|-enditem|p2a: Heatran|Leftovers|[from] move: Knock Off|[of] p1a: Kartana\n|\n|-damage|p1a: Kartana|94/100 brn|[from] brn\n|upkeep\n|turn|20\n|\n|t:|1790528975\n|switch|p1a: Urshifu|Urshifu-Rapid-Strike, M|100/100\n|move|p2a: Heatran|Stealth Rock|p1a: Urshifu\n|-sidestart|p1: metagross773|move: Stealth Rock\n|\n|upkeep\n|turn|21\n|\n|t:|1790528991\n|switch|p2a: Landorus|Landorus-Therian, M|49/100\n|-ability|p2a: Landorus|Intimidate|boost\n|-unboost|p1a: Urshifu|atk|1\n|move|p1a: Urshifu|U-turn|p2a: Landorus\n|-resisted|p2a: Landorus\n|-damage|p2a: Landorus|38/100\n|\n|t:|1790528995\n|switch|p1a: Landorus|Landorus-Therian, M|48/100 brn|[from] U-turn\n|-damage|p1a: Landorus|36/100 brn|[from] Stealth Rock\n|-ability|p1a: Landorus|Intimidate|boost\n|-unboost|p2a: Landorus|atk|1\n|\n|-heal|p2a: Landorus|44/100|[from] item: Leftovers\n|-damage|p1a: Landorus|30/100 brn|[from] brn\n|upkeep\n|turn|22\n|\n|t:|1790529004\n|move|p2a: Landorus|U-turn|p1a: Landorus\n|-resisted|p1a: Landorus\n|-damage|p1a: Landorus|23/100 brn\n|\n|t:|1790529030\n|switch|p2a: Blacephalon|Blacephalon|100/100|[from] U-turn\n|move|p1a: Landorus|Defog|p2a: Blacephalon\n|-unboost|p2a: Blacephalon|evasion|1\n|-sideend|p1: metagross773|Stealth Rock|[from] move: Defog|[of] p1a: Landorus\n|\n|-damage|p1a: Landorus|17/100 brn|[from] brn\n|upkeep\n|turn|23\n|\n|t:|1790529035\n|move|p2a: Blacephalon|Shadow Ball|p1a: Landorus\n|-damage|p1a: Landorus|0 fnt\n|faint|p1a: Landorus\n|-ability|p2a: Blacephalon|Beast Boost|boost\n|-boost|p2a: Blacephalon|spe|1\n|\n|upkeep\n|\n|t:|1790529037\n|switch|p1a: Kartana|Kartana|94/100 brn\n|turn|24\n|\n|t:|1790529044\n|move|p1a: Kartana|Knock Off|p2a: Blacephalon\n|-supereffective|p2a: Blacephalon\n|-damage|p2a: Blacephalon|28/100\n|-enditem|p2a: Blacephalon|Choice Specs|[from] move: Knock Off|[of] p1a: Kartana\n|move|p2a: Blacephalon|Shadow Ball|p1a: Kartana\n|-damage|p1a: Kartana|0 fnt\n|faint|p1a: Kartana\n|-ability|p2a: Blacephalon|Beast Boost|boost\n|-boost|p2a: Blacephalon|spe|1\n|\n|upkeep\n|\n|t:|1790529048\n|switch|p1a: Urshifu|Urshifu-Rapid-Strike, M|100/100\n|turn|25\n|\n|t:|1790529052\n|move|p1a: Urshifu|Aqua Jet|p2a: Blacephalon\n|-supereffective|p2a: Blacephalon\n|-damage|p2a: Blacephalon|0 fnt\n|faint|p2a: Blacephalon\n|\n|upkeep\n|\n|t:|1790529062\n|switch|p2a: Dragapult|Dragapult, M|84/100\n|turn|26\n|\n|t:|1790529064\n|switch|p1a: Tapu Lele|Tapu Lele|100/100\n|-fieldstart|move: Psychic Terrain|[from] ability: Psychic Surge|[of] p1a: Tapu Lele\n|move|p2a: Dragapult|Shadow Ball|p1a: Tapu Lele\n|-supereffective|p1a: Tapu Lele\n|-damage|p1a: Tapu Lele|0 fnt\n|faint|p1a: Tapu Lele\n|\n|upkeep\n|\n|t:|1790529065\n|switch|p1a: Heatran|Heatran, F|51/100\n|turn|27\n|\n|t:|1790529072\n|switch|p2a: Heatran|Heatran, M|47/100\n|move|p1a: Heatran|Magma Storm|p2a: Heatran\n|-damage|p2a: Heatran|16/100\n|-activate|p2a: Heatran|move: Magma Storm|[of] p1a: Heatran\n|\n|-heal|p1a: Heatran|57/100|[from] item: Leftovers\n|-damage|p2a: Heatran|3/100|[from] move: Magma Storm|[partiallytrapped]\n|upkeep\n|turn|28\n|\n|t:|1790529078\n|move|p1a: Heatran|Protect|p1a: Heatran\n|-singleturn|p1a: Heatran|Protect\n|move|p2a: Heatran|Earth Power|p1a: Heatran\n|-activate|p1a: Heatran|move: Protect\n|\n|-heal|p1a: Heatran|63/100|[from] item: Leftovers\n|-damage|p2a: Heatran|0 fnt|[from] move: Magma Storm|[partiallytrapped]\n|faint|p2a: Heatran\n|upkeep\n|\n|t:|1790529083\n|switch|p2a: Landorus|Landorus-Therian, M|44/100\n|-ability|p2a: Landorus|Intimidate|boost\n|-unboost|p1a: Heatran|atk|1\n|turn|29\n|\n|t:|1790529087\n|switch|p1a: Urshifu|Urshifu-Rapid-Strike, M|100/100\n|move|p2a: Landorus|Earthquake|p1a: Urshifu\n|-damage|p1a: Urshifu|50/100\n|\n|-heal|p2a: Landorus|50/100|[from] item: Leftovers\n|upkeep\n|turn|30\n|\n|t:|1790529096\n|move|p1a: Urshifu|U-turn|p2a: Landorus\n|-resisted|p2a: Landorus\n|-damage|p2a: Landorus|34/100\n|\n|t:|1790529097\n|switch|p1a: Heatran|Heatran, F|63/100|[from] U-turn\n|move|p2a: Landorus|Earthquake|p1a: Heatran\n|-supereffective|p1a: Heatran\n|-damage|p1a: Heatran|0 fnt\n|faint|p1a: Heatran\n|\n|-heal|p2a: Landorus|40/100|[from] item: Leftovers\n|-fieldend|move: Psychic Terrain\n|upkeep\n|\n|t:|1790529099\n|switch|p1a: Urshifu|Urshifu-Rapid-Strike, M|50/100\n|turn|31\n|\n|t:|1790529102\n|move|p1a: Urshifu|Surging Strikes|p2a: Landorus\n|-supereffective|p2a: Landorus\n|-crit|p2a: Landorus\n|-damage|p2a: Landorus|0 fnt\n|faint|p2a: Landorus\n|-hitcount|p2: Landorus|1\n|\n|upkeep\n|\n|t:|1790529104\n|switch|p2a: Rillaboom|Rillaboom, M|100/100\n|-fieldstart|move: Grassy Terrain|[from] ability: Grassy Surge|[of] p2a: Rillaboom\n|turn|32\n|c|\u2606Winterbub|gg\n|\n|t:|1790529110\n|move|p2a: Rillaboom|Grassy Glide|p1a: Urshifu\n|-supereffective|p1a: Urshifu\n|-damage|p1a: Urshifu|0 fnt\n|faint|p1a: Urshifu\n|\n|win|Winterbub\n|c|\u2606metagross773|gg\n", "uploadtime": 1790529110, "views": "26", "formatid": "gen8ou", "rating": null, "private": 0, "password": null}