{"id": "smogtours-gen8ou-976968", "format": "[Gen 8] OU", "players": ["Dua Lipa", "brandonlee1"], "log": "|inactive|Battle timer is ON: inactive players will automatically lose when time's up.\n|t:|1791149121\n|gametype|singles\n|player|p1|Dua Lipa|#scl6breakers|\n|player|p2|brandonlee1|#wcop2026brazil|\n|gen|8\n|tier|[Gen 8] OU\n|rule|HP Percentage Mod: HP is shown in percentages\n|rule|Endless Battle Clause: Forcing endless battles is banned\n|rule|Sleep Clause Mod: Limit one foe put to sleep\n|rule|Species Clause: Limit one of each Pok\u00e9mon\n|rule|OHKO Clause: OHKO moves are banned\n|rule|Evasion Items Clause: Evasion items are banned\n|rule|Evasion Moves Clause: Evasion moves are banned\n|rule|Dynamax Clause: You cannot dynamax\n|clearpoke\n|poke|p1|Skarmory, M|\n|poke|p1|Hippowdon, M|\n|poke|p1|Tapu Koko|\n|poke|p1|Reuniclus, F|\n|poke|p1|Toxapex, M|\n|poke|p1|Tornadus-Therian, M|\n|poke|p2|Garchomp, M|\n|poke|p2|Tapu Lele|\n|poke|p2|Magnezone|\n|poke|p2|Tapu Fini|\n|poke|p2|Tornadus-Therian, M|\n|poke|p2|Landorus-Therian, M|\n|teampreview\n|c|\u2606brandonlee1|hf\n|inactive|Dua Lipa has 270 seconds left.\n|inactive|brandonlee1 has 270 seconds left.\n|c|\u2606Dua Lipa|hf\n|inactive|Dua Lipa has 240 seconds left.\n|inactive|Dua Lipa has 210 seconds left.\n|inactive|Dua Lipa has 180 seconds left.\n|\n|t:|1791149260\n|teamsize|p1|6\n|teamsize|p2|6\n|start\n|switch|p1a: Toxapex|Toxapex, M|100/100\n|switch|p2a: Garchomp|Garchomp, M|100/100\n|turn|1\n|inactive|Dua Lipa has 210 seconds left.\n|\n|t:|1791149296\n|switch|p1a: Tornadus|Tornadus-Therian, M|100/100\n|move|p2a: Garchomp|Earthquake|p1a: Tornadus\n|-immune|p1a: Tornadus\n|\n|upkeep\n|turn|2\n|\n|t:|1791149309\n|switch|p2a: Tornadus|Tornadus-Therian, M|100/100\n|move|p1a: Tornadus|Hurricane|p2a: Tornadus|[miss]\n|-miss|p1a: Tornadus|p2a: Tornadus\n|\n|upkeep\n|turn|3\n|\n|t:|1791149316\n|switch|p1a: Toxapex|Toxapex, M|100/100\n|move|p2a: Tornadus|Knock Off|p1a: Toxapex\n|-damage|p1a: Toxapex|86/100\n|-enditem|p1a: Toxapex|Shed Shell|[from] move: Knock Off|[of] p2a: Tornadus\n|\n|upkeep\n|turn|4\n|\n|t:|1791149321\n|move|p2a: Tornadus|Taunt|p1a: Toxapex\n|-start|p1a: Toxapex|move: Taunt\n|move|p1a: Toxapex|Scald|p2a: Tornadus\n|-damage|p2a: Tornadus|83/100\n|-enditem|p2a: Tornadus|Eject Button\n|\n|t:|1791149324\n|switch|p2a: Garchomp|Garchomp, M|100/100\n|\n|upkeep\n|turn|5\n|\n|t:|1791149329\n|switch|p1a: Skarmory|Skarmory, M|100/100\n|move|p2a: Garchomp|Swords Dance|p2a: Garchomp\n|-boost|p2a: Garchomp|atk|2\n|\n|upkeep\n|turn|6\n|\n|t:|1791149335\n|move|p2a: Garchomp|Stealth Rock|p1a: Skarmory\n|-sidestart|p1: Dua Lipa|move: Stealth Rock\n|move|p1a: Skarmory|Toxic|p2a: Garchomp\n|-status|p2a: Garchomp|tox\n|\n|-damage|p2a: Garchomp|94/100 tox|[from] psn\n|upkeep\n|turn|7\n|\n|t:|1791149339\n|switch|p1a: Tornadus|Tornadus-Therian, M|100/100\n|move|p2a: Garchomp|Scale Shot|p1a: Tornadus\n|-damage|p1a: Tornadus|72/100\n|-damage|p1a: Tornadus|41/100\n|-damage|p1a: Tornadus|12/100\n|-damage|p1a: Tornadus|0 fnt\n|faint|p1a: Tornadus\n|-hitcount|p1: Tornadus|4\n|-unboost|p2a: Garchomp|def|1\n|-boost|p2a: Garchomp|spe|1\n|\n|-damage|p2a: Garchomp|82/100 tox|[from] psn\n|upkeep\n|\n|t:|1791149343\n|switch|p1a: Skarmory|Skarmory, M|100/100\n|-damage|p1a: Skarmory|88/100|[from] Stealth Rock\n|turn|8\n|\n|t:|1791149347\n|switch|p2a: Magnezone|Magnezone|100/100\n|-item|p2a: Magnezone|Air Balloon\n|move|p1a: Skarmory|Spikes|p2a: Magnezone\n|-sidestart|p2: brandonlee1|Spikes\n|\n|upkeep\n|turn|9\n|\n|t:|1791149351\n|move|p2a: Magnezone|Thunderbolt|p1a: Skarmory\n|-supereffective|p1a: Skarmory\n|-damage|p1a: Skarmory|0 fnt\n|faint|p1a: Skarmory\n|\n|upkeep\n|\n|t:|1791149357\n|switch|p1a: Tapu Koko|Tapu Koko|100/100\n|-fieldstart|move: Electric Terrain|[from] ability: Electric Surge|[of] p1a: Tapu Koko\n|turn|10\n|inactive|Dua Lipa has 270 seconds left.\n|\n|t:|1791149391\n|switch|p2a: Landorus|Landorus-Therian, M|100/100\n|-ability|p2a: Landorus|Intimidate|boost\n|-unboost|p1a: Tapu Koko|atk|1\n|move|p1a: Tapu Koko|Dazzling Gleam|p2a: Landorus\n|-damage|p2a: Landorus|75/100\n|\n|-heal|p2a: Landorus|81/100|[from] item: Leftovers\n|upkeep\n|turn|11\n|\n|t:|1791149400\n|switch|p1a: Hippowdon|Hippowdon, M|100/100\n|-damage|p1a: Hippowdon|94/100|[from] Stealth Rock\n|-weather|Sandstorm|[from] ability: Sand Stream|[of] p1a: Hippowdon\n|move|p2a: Landorus|Earthquake|p1a: Hippowdon\n|-damage|p1a: Hippowdon|64/100\n|\n|-weather|Sandstorm|[upkeep]\n|-heal|p2a: Landorus|87/100|[from] item: Leftovers\n|-heal|p1a: Hippowdon|70/100|[from] item: Leftovers\n|upkeep\n|turn|12\n|\n|t:|1791149405\n|move|p2a: Landorus|U-turn|p1a: Hippowdon\n|-damage|p1a: Hippowdon|53/100\n|\n|t:|1791149406\n|switch|p2a: Tapu Fini|Tapu Fini|100/100|[from] U-turn\n|-damage|p2a: Tapu Fini|88/100|[from] Spikes\n|-fieldstart|move: Misty Terrain|[from] ability: Misty Surge|[of] p2a: Tapu Fini\n|move|p1a: Hippowdon|Toxic|p2a: Tapu Fini\n|-activate|p2a: Tapu Fini|move: Misty Terrain\n|\n|-weather|Sandstorm|[upkeep]\n|-damage|p2a: Tapu Fini|82/100|[from] Sandstorm\n|-heal|p2a: Tapu Fini|88/100|[from] item: Leftovers\n|-heal|p1a: Hippowdon|59/100|[from] item: Leftovers\n|upkeep\n|turn|13\n|\n|t:|1791149412\n|switch|p1a: Tapu Koko|Tapu Koko|100/100\n|-fieldstart|move: Electric Terrain|[from] ability: Electric Surge|[of] p1a: Tapu Koko\n|move|p2a: Tapu Fini|Calm Mind|p2a: Tapu Fini\n|-boost|p2a: Tapu Fini|spa|1\n|-boost|p2a: Tapu Fini|spd|1\n|\n|-weather|Sandstorm|[upkeep]\n|-damage|p1a: Tapu Koko|95/100|[from] Sandstorm\n|-damage|p2a: Tapu Fini|82/100|[from] Sandstorm\n|-heal|p2a: Tapu Fini|88/100|[from] item: Leftovers\n|upkeep\n|turn|14\n|\n|t:|1791149415\n|switch|p2a: Landorus|Landorus-Therian, M|87/100\n|-ability|p2a: Landorus|Intimidate|boost\n|-unboost|p1a: Tapu Koko|atk|1\n|move|p1a: Tapu Koko|Thunderbolt|p2a: Landorus\n|-immune|p2a: Landorus\n|\n|-weather|Sandstorm|[upkeep]\n|-damage|p1a: Tapu Koko|89/100|[from] Sandstorm\n|-heal|p2a: Landorus|93/100|[from] item: Leftovers\n|upkeep\n|turn|15\n|\n|t:|1791149421\n|switch|p1a: Toxapex|Toxapex, M|100/100\n|-damage|p1a: Toxapex|88/100|[from] Stealth Rock\n|move|p2a: Landorus|Earthquake|p1a: Toxapex\n|-supereffective|p1a: Toxapex\n|-damage|p1a: Toxapex|13/100\n|\n|-weather|none\n|-heal|p2a: Landorus|99/100|[from] item: Leftovers\n|upkeep\n|turn|16\n|\n|t:|1791149433\n|switch|p1a: Hippowdon|Hippowdon, M|59/100\n|-damage|p1a: Hippowdon|53/100|[from] Stealth Rock\n|-weather|Sandstorm|[from] ability: Sand Stream|[of] p1a: Hippowdon\n|move|p2a: Landorus|Earthquake|p1a: Hippowdon\n|-damage|p1a: Hippowdon|21/100\n|\n|-weather|Sandstorm|[upkeep]\n|-heal|p2a: Landorus|100/100|[from] item: Leftovers\n|-heal|p1a: Hippowdon|27/100|[from] item: Leftovers\n|upkeep\n|turn|17\n|\n|t:|1791149438\n|move|p2a: Landorus|Earthquake|p1a: Hippowdon\n|-damage|p1a: Hippowdon|0 fnt\n|faint|p1a: Hippowdon\n|\n|-weather|Sandstorm|[upkeep]\n|-fieldend|move: Electric Terrain\n|upkeep\n|\n|t:|1791149440\n|switch|p1a: Reuniclus|Reuniclus, F|100/100\n|turn|18\n|\n|t:|1791149443\n|move|p2a: Landorus|U-turn|p1a: Reuniclus\n|-supereffective|p1a: Reuniclus\n|-damage|p1a: Reuniclus|66/100\n|\n|t:|1791149445\n|switch|p2a: Tornadus|Tornadus-Therian, M|100/100|[from] U-turn\n|move|p1a: Reuniclus|Calm Mind|p1a: Reuniclus\n|-boost|p1a: Reuniclus|spa|1\n|-boost|p1a: Reuniclus|spd|1\n|\n|-weather|Sandstorm|[upkeep]\n|-damage|p2a: Tornadus|94/100|[from] Sandstorm\n|upkeep\n|turn|19\n|\n|t:|1791149448\n|move|p2a: Tornadus|Knock Off|p1a: Reuniclus\n|-supereffective|p1a: Reuniclus\n|-enditem|p1a: Reuniclus|Colbur Berry|[eat]\n|-enditem|p1a: Reuniclus|Colbur Berry|[weaken]\n|-damage|p1a: Reuniclus|52/100\n|move|p1a: Reuniclus|Psyshock|p2a: Tornadus\n|-damage|p2a: Tornadus|40/100\n|\n|-weather|Sandstorm|[upkeep]\n|-damage|p2a: Tornadus|34/100|[from] Sandstorm\n|upkeep\n|turn|20\n|\n|t:|1791149452\n|move|p2a: Tornadus|Taunt|p1a: Reuniclus\n|-start|p1a: Reuniclus|move: Taunt\n|cant|p1a: Reuniclus|move: Taunt|Recover\n|\n|-weather|none\n|upkeep\n|turn|21\n|\n|t:|1791149460\n|move|p2a: Tornadus|Hurricane|p1a: Reuniclus\n|-damage|p1a: Reuniclus|26/100\n|move|p1a: Reuniclus|Psyshock|p2a: Tornadus\n|-damage|p2a: Tornadus|0 fnt\n|faint|p2a: Tornadus\n|\n|upkeep\n|\n|t:|1791149462\n|switch|p2a: Garchomp|Garchomp, M|82/100 tox\n|-damage|p2a: Garchomp|70/100 tox|[from] Spikes\n|turn|22\n|\n|t:|1791149465\n|switch|p1a: Toxapex|Toxapex, M|46/100\n|-damage|p1a: Toxapex|34/100|[from] Stealth Rock\n|move|p2a: Garchomp|Earthquake|p1a: Toxapex\n|-supereffective|p1a: Toxapex\n|-damage|p1a: Toxapex|0 fnt\n|faint|p1a: Toxapex\n|\n|-damage|p2a: Garchomp|64/100 tox|[from] psn\n|upkeep\n|\n|t:|1791149467\n|switch|p1a: Tapu Koko|Tapu Koko|89/100\n|-fieldstart|move: Electric Terrain|[from] ability: Electric Surge|[of] p1a: Tapu Koko\n|turn|23\n|\n|t:|1791149470\n|move|p1a: Tapu Koko|Calm Mind|p1a: Tapu Koko\n|-boost|p1a: Tapu Koko|spa|1\n|-boost|p1a: Tapu Koko|spd|1\n|move|p2a: Garchomp|Earthquake|p1a: Tapu Koko\n|-supereffective|p1a: Tapu Koko\n|-damage|p1a: Tapu Koko|0 fnt\n|faint|p1a: Tapu Koko\n|\n|-damage|p2a: Garchomp|51/100 tox|[from] psn\n|upkeep\n|\n|t:|1791149472\n|switch|p1a: Reuniclus|Reuniclus, F|26/100\n|turn|24\n|c|\u2606brandonlee1|gg\n|\n|t:|1791149479\n|move|p2a: Garchomp|Earthquake|p1a: Reuniclus\n|-damage|p1a: Reuniclus|0 fnt\n|faint|p1a: Reuniclus\n|\n|win|brandonlee1\n|c|\u2606Dua Lipa|ggs\n|player|p1|\n", "uploadtime": 1791149479, "views": "65", "formatid": "gen8ou", "rating": null, "private": 0, "password": null}