{"id": "smogtours-gen8ou-975958", "format": "[Gen 8] OU", "players": ["reversingmytraces", "NDK"], "log": "|inactive|Battle timer is ON: inactive players will automatically lose when time's up.\n|badge|p1|bronze|gen9ou|100-11\n|uhtml|medal-msg|<div class=\"broadcast-blue\">Curious what those medals under the avatar are? PS now has Ladder Seasons! For more information, check out the <a href=\"https://www.smogon.com/forums/threads/3740067/\">thread on Smogon.</a></div>\n|t:|1790972209\n|gametype|singles\n|player|p1|reversingmytraces|102|\n|player|p2|NDK|kieran-masters|\n|gen|8\n|tier|[Gen 8] OU\n|rule|HP Percentage Mod: HP is shown in percentages\n|rule|Endless Battle Clause: Forcing endless battles is banned\n|rule|Sleep Clause Mod: Limit one foe put to sleep\n|rule|Species Clause: Limit one of each Pok\u00e9mon\n|rule|OHKO Clause: OHKO moves are banned\n|rule|Evasion Items Clause: Evasion items are banned\n|rule|Evasion Moves Clause: Evasion moves are banned\n|rule|Dynamax Clause: You cannot dynamax\n|clearpoke\n|poke|p1|Volcarona, M|\n|poke|p1|Tapu Lele|\n|poke|p1|Zeraora|\n|poke|p1|Landorus-Therian, M|\n|poke|p1|Rotom-Wash|\n|poke|p1|Kartana|\n|poke|p2|Tapu Lele|\n|poke|p2|Tyranitar, M|\n|poke|p2|Excadrill, M|\n|poke|p2|Ferrothorn, M|\n|poke|p2|Zapdos|\n|poke|p2|Urshifu-*, M|\n|teampreview\n|c|\u2606NDK|glhf\n|inactive|reversingmytraces has 270 seconds left.\n|inactive|NDK has 270 seconds left.\n|inactive|reversingmytraces has 240 seconds left.\n|inactive|NDK has 240 seconds left.\n|inactive|reversingmytraces has 210 seconds left.\n|inactive|NDK has 210 seconds left.\n|inactive|reversingmytraces has 180 seconds left.\n|inactive|NDK has 180 seconds left.\n|inactive|NDK has 150 seconds left.\n|inactive|reversingmytraces has 150 seconds left.\n|inactive|NDK has 120 seconds left.\n|inactive|reversingmytraces has 120 seconds left.\n|\n|t:|1790972409\n|teamsize|p1|6\n|teamsize|p2|6\n|start\n|switch|p1a: Zeraora|Zeraora|100/100\n|switch|p2a: Tyranitar|Tyranitar, M|100/100\n|-weather|Sandstorm|[from] ability: Sand Stream|[of] p2a: Tyranitar\n|turn|1\n|inactive|NDK has 180 seconds left.\n|\n|t:|1790972434\n|switch|p2a: Ferrothorn|Ferrothorn, M|100/100\n|move|p1a: Zeraora|Close Combat|p2a: Ferrothorn\n|-supereffective|p2a: Ferrothorn\n|-damage|p2a: Ferrothorn|46/100\n|-unboost|p1a: Zeraora|def|1\n|-unboost|p1a: Zeraora|spd|1\n|-damage|p1a: Zeraora|88/100|[from] ability: Iron Barbs|[of] p2a: Ferrothorn\n|-enditem|p2a: Ferrothorn|Eject Button\n|\n|t:|1790972442\n|switch|p2a: Excadrill|Excadrill, M|100/100\n|-item|p2a: Excadrill|Air Balloon\n|\n|-weather|Sandstorm|[upkeep]\n|-damage|p1a: Zeraora|82/100|[from] Sandstorm\n|upkeep\n|turn|2\n|inactive|reversingmytraces has 180 seconds left.\n|\n|t:|1790972463\n|switch|p2a: Tapu Lele|Tapu Lele|100/100\n|-fieldstart|move: Psychic Terrain|[from] ability: Psychic Surge|[of] p2a: Tapu Lele\n|switch|p1a: Rotom|Rotom-Wash|100/100\n|\n|-weather|Sandstorm|[upkeep]\n|-damage|p2a: Tapu Lele|94/100|[from] Sandstorm\n|-damage|p1a: Rotom|94/100|[from] Sandstorm\n|upkeep\n|turn|3\n|inactive|reversingmytraces has 180 seconds left.\n|\n|t:|1790972477\n|switch|p1a: Landorus|Landorus-Therian, M|100/100\n|-ability|p1a: Landorus|Intimidate|boost\n|-unboost|p2a: Tapu Lele|atk|1\n|move|p2a: Tapu Lele|Future Sight|p1a: Landorus\n|-start|p2a: Tapu Lele|move: Future Sight\n|\n|-weather|Sandstorm|[upkeep]\n|-damage|p2a: Tapu Lele|88/100|[from] Sandstorm\n|upkeep\n|turn|4\n|inactive|NDK has 180 seconds left.\n|inactive|reversingmytraces has 180 seconds left.\n|\n|t:|1790972495\n|switch|p2a: Zapdos|Zapdos|100/100\n|move|p1a: Landorus|U-turn|p2a: Zapdos\n|-resisted|p2a: Zapdos\n|-damage|p2a: Zapdos|88/100\n|\n|t:|1790972520\n|switch|p1a: Tapu Lele|Tapu Lele|100/100|[from] U-turn\n|\n|-weather|Sandstorm|[upkeep]\n|-damage|p2a: Zapdos|82/100|[from] Sandstorm\n|-damage|p1a: Tapu Lele|94/100|[from] Sandstorm\n|upkeep\n|turn|5\n|inactive|NDK has 180 seconds left.\n|\n|t:|1790972534\n|move|p2a: Zapdos|Roost|p2a: Zapdos\n|-heal|p2a: Zapdos|100/100\n|-singleturn|p2a: Zapdos|move: Roost\n|move|p1a: Tapu Lele|Psychic|p2a: Zapdos\n|-damage|p2a: Zapdos|18/100\n|\n|-weather|none\n|-end|p1a: Tapu Lele|move: Future Sight\n|-resisted|p1a: Tapu Lele\n|-damage|p1a: Tapu Lele|46/100\n|upkeep\n|turn|6\n|\n|t:|1790972545\n|switch|p1a: Zeraora|Zeraora|82/100\n|move|p2a: Zapdos|Volt Switch|p1a: Zeraora\n|-heal|p1a: Zeraora|100/100|[from] ability: Volt Absorb|[of] p2a: Zapdos\n|\n|-fieldend|move: Psychic Terrain\n|upkeep\n|turn|7\n|\n|t:|1790972551\n|switch|p2a: Tyranitar|Tyranitar, M|100/100\n|-weather|Sandstorm|[from] ability: Sand Stream|[of] p2a: Tyranitar\n|move|p1a: Zeraora|Volt Switch|p2a: Tyranitar\n|-damage|p2a: Tyranitar|88/100\n|\n|t:|1790972557\n|switch|p1a: Landorus|Landorus-Therian, M|100/100|[from] Volt Switch\n|-ability|p1a: Landorus|Intimidate|boost\n|-unboost|p2a: Tyranitar|atk|1\n|\n|-weather|Sandstorm|[upkeep]\n|upkeep\n|turn|8\n|\n|t:|1790972564\n|move|p1a: Landorus|Stealth Rock|p2a: Tyranitar\n|-sidestart|p2: NDK|move: Stealth Rock\n|move|p2a: Tyranitar|Stone Edge|p1a: Landorus\n|-damage|p1a: Landorus|44/100\n|\n|-weather|Sandstorm|[upkeep]\n|-heal|p1a: Landorus|50/100|[from] item: Leftovers\n|upkeep\n|turn|9\n|inactive|reversingmytraces has 180 seconds left.\n|inactive|NDK has 210 seconds left.\n|\n|t:|1790972579\n|move|p1a: Landorus|U-turn|p2a: Tyranitar\n|-supereffective|p2a: Tyranitar\n|-damage|p2a: Tyranitar|50/100\n|inactive|reversingmytraces has 180 seconds left.\n|\n|t:|1790972584\n|switch|p1a: Kartana|Kartana|100/100|[from] U-turn\n|move|p2a: Tyranitar|Stone Edge|p1a: Kartana\n|-resisted|p1a: Kartana\n|-damage|p1a: Kartana|73/100\n|\n|-weather|Sandstorm|[upkeep]\n|upkeep\n|turn|10\n|inactive|NDK has 210 seconds left.\n|inactive|reversingmytraces has 180 seconds left.\n|\n|t:|1790972597\n|switch|p2a: Ferrothorn|Ferrothorn, M|46/100\n|-damage|p2a: Ferrothorn|40/100|[from] Stealth Rock\n|move|p1a: Kartana|Sacred Sword|p2a: Ferrothorn\n|-supereffective|p2a: Ferrothorn\n|-damage|p2a: Ferrothorn|0 fnt\n|-damage|p1a: Kartana|60/100|[from] ability: Iron Barbs|[of] p2a: Ferrothorn\n|faint|p2a: Ferrothorn\n|-ability|p1a: Kartana|Beast Boost|boost\n|-boost|p1a: Kartana|atk|1\n|\n|-weather|Sandstorm|[upkeep]\n|upkeep\n|inactive|NDK has 210 seconds left.\n|\n|t:|1790972603\n|switch|p2a: Excadrill|Excadrill, M|100/100\n|-damage|p2a: Excadrill|97/100|[from] Stealth Rock\n|-item|p2a: Excadrill|Air Balloon\n|turn|11\n|\n|t:|1790972614\n|move|p2a: Excadrill|Rapid Spin|p1a: Kartana\n|-resisted|p1a: Kartana\n|-damage|p1a: Kartana|51/100\n|-boost|p2a: Excadrill|spe|1\n|-sideend|p2: NDK|Stealth Rock|[from] move: Rapid Spin|[of] p2a: Excadrill\n|move|p1a: Kartana|Sacred Sword|p2a: Excadrill\n|-supereffective|p2a: Excadrill\n|-damage|p2a: Excadrill|0 fnt\n|-enditem|p2a: Excadrill|Air Balloon\n|faint|p2a: Excadrill\n|-ability|p1a: Kartana|Beast Boost|boost\n|-boost|p1a: Kartana|atk|1\n|\n|-weather|none\n|upkeep\n|\n|t:|1790972628\n|switch|p2a: Tapu Lele|Tapu Lele|88/100\n|-fieldstart|move: Psychic Terrain|[from] ability: Psychic Surge|[of] p2a: Tapu Lele\n|turn|12\n|inactive|reversingmytraces has 180 seconds left.\n|\n|t:|1790972672\n|switch|p1a: Tapu Lele|Tapu Lele|46/100\n|move|p2a: Tapu Lele|Moonblast|p1a: Tapu Lele\n|-damage|p1a: Tapu Lele|0 fnt\n|faint|p1a: Tapu Lele\n|\n|upkeep\n|\n|t:|1790972680\n|switch|p1a: Volcarona|Volcarona, M|100/100\n|turn|13\n|\n|t:|1790972684\n|switch|p2a: Tyranitar|Tyranitar, M|50/100\n|-weather|Sandstorm|[from] ability: Sand Stream|[of] p2a: Tyranitar\n|move|p1a: Volcarona|Quiver Dance|p1a: Volcarona\n|-boost|p1a: Volcarona|spa|1\n|-boost|p1a: Volcarona|spd|1\n|-boost|p1a: Volcarona|spe|1\n|\n|-weather|Sandstorm|[upkeep]\n|-damage|p1a: Volcarona|94/100|[from] Sandstorm\n|upkeep\n|turn|14\n|\n|t:|1790972687\n|move|p1a: Volcarona|Bug Buzz|p2a: Tyranitar\n|-supereffective|p2a: Tyranitar\n|-damage|p2a: Tyranitar|0 fnt\n|faint|p2a: Tyranitar\n|-damage|p1a: Volcarona|84/100|[from] item: Life Orb\n|\n|-weather|Sandstorm|[upkeep]\n|-damage|p1a: Volcarona|78/100|[from] Sandstorm\n|upkeep\n|\n|t:|1790972696\n|switch|p2a: Tapu Lele|Tapu Lele|88/100\n|turn|15\n|\n|t:|1790972699\n|move|p1a: Volcarona|Bug Buzz|p2a: Tapu Lele\n|-damage|p2a: Tapu Lele|28/100\n|-damage|p1a: Volcarona|68/100|[from] item: Life Orb\n|move|p2a: Tapu Lele|Psyshock|p1a: Volcarona\n|-damage|p1a: Volcarona|0 fnt\n|faint|p1a: Volcarona\n|\n|-weather|Sandstorm|[upkeep]\n|-damage|p2a: Tapu Lele|22/100|[from] Sandstorm\n|upkeep\n|\n|t:|1790972712\n|switch|p1a: Zeraora|Zeraora|100/100\n|turn|16\n|\n|t:|1790972717\n|move|p1a: Zeraora|Plasma Fists|p2a: Tapu Lele\n|-damage|p2a: Tapu Lele|0 fnt\n|-fieldactivate|move: Ion Deluge\n|-hint|Normal-type moves become Electric-type after using Plasma Fists.\n|faint|p2a: Tapu Lele\n|\n|-weather|Sandstorm|[upkeep]\n|-damage|p1a: Zeraora|95/100|[from] Sandstorm\n|-fieldend|move: Psychic Terrain\n|upkeep\n|\n|t:|1790972723\n|switch|p2a: Urshifu|Urshifu-Rapid-Strike, M|100/100\n|turn|17\n|inactive|reversingmytraces has 210 seconds left.\n|inactive|NDK has 270 seconds left.\n|\n|t:|1790972740\n|switch|p1a: Rotom|Rotom-Wash|94/100\n|move|p2a: Urshifu|Surging Strikes|p1a: Rotom\n|-resisted|p1a: Rotom\n|-crit|p1a: Rotom\n|-damage|p1a: Rotom|87/100\n|-resisted|p1a: Rotom\n|-crit|p1a: Rotom\n|-damage|p1a: Rotom|79/100\n|-resisted|p1a: Rotom\n|-crit|p1a: Rotom\n|-damage|p1a: Rotom|71/100\n|-hitcount|p1a: Rotom|3\n|\n|-weather|none\n|upkeep\n|turn|18\n|\n|t:|1790972751\n|move|p2a: Urshifu|Close Combat|p1a: Rotom\n|-crit|p1a: Rotom\n|-damage|p1a: Rotom|1/100\n|-unboost|p2a: Urshifu|def|1\n|-unboost|p2a: Urshifu|spd|1\n|move|p1a: Rotom|Volt Switch|p2a: Urshifu\n|-supereffective|p2a: Urshifu\n|-damage|p2a: Urshifu|0 fnt\n|faint|p2a: Urshifu\n|\n|t:|1790972756\n|switch|p1a: Zeraora|Zeraora|95/100|[from] Volt Switch\n|\n|upkeep\n|c|\u2606NDK|ggs\n|c|\u2606NDK|mb for that crit\n|c|\u2606reversingmytraces|ggs\n|c|\u2606NDK|earlier\n|\n|t:|1790972764\n|switch|p2a: Zapdos|Zapdos|18/100\n|turn|19\n|c|\u2606reversingmytraces|nws\n|c|\u2606NDK|gl in later rounds\n|inactive|NDK has 270 seconds left.\n|c|\u2606NDK|also I played kinda ass\n|\n|t:|1790972773\n|move|p1a: Zeraora|Close Combat|p2a: Zapdos\n|-resisted|p2a: Zapdos\n|-damage|p2a: Zapdos|0 fnt\n|-unboost|p1a: Zeraora|def|1\n|-unboost|p1a: Zeraora|spd|1\n|faint|p2a: Zapdos\n|-enditem|p1a: Zeraora|Eject Pack\n|\n|win|reversingmytraces\n|c|\u2606reversingmytraces|gl to u2\n|player|p1|\n", "uploadtime": 1790972773, "views": "44", "formatid": "gen8ou", "rating": null, "private": 0, "password": null}