{"id": "smogtours-gen8ou-975500", "format": "[Gen 8] OU", "players": ["Separation", "damien the genius"], "log": "|inactive|Battle timer is ON: inactive players will automatically lose when time's up.\n|badge|p1|silver|gen9randombattle|30-10\n|uhtml|medal-msg|<div class=\"broadcast-blue\">Curious what those medals under the avatar are? PS now has Ladder Seasons! For more information, check out the <a href=\"https://www.smogon.com/forums/threads/3740067/\">thread on Smogon.</a></div>\n|t:|1790690210\n|gametype|singles\n|player|p1|Separation|#separation|\n|player|p2|damien the genius|#wcop2023oceania|\n|gen|8\n|tier|[Gen 8] OU\n|rule|HP Percentage Mod: HP is shown in percentages\n|rule|Endless Battle Clause: Forcing endless battles is banned\n|rule|Sleep Clause Mod: Limit one foe put to sleep\n|rule|Species Clause: Limit one of each Pok\u00e9mon\n|rule|OHKO Clause: OHKO moves are banned\n|rule|Evasion Items Clause: Evasion items are banned\n|rule|Evasion Moves Clause: Evasion moves are banned\n|rule|Dynamax Clause: You cannot dynamax\n|clearpoke\n|poke|p1|Slowking-Galar, M|\n|poke|p1|Weavile, M|\n|poke|p1|Garchomp, M|\n|poke|p1|Corviknight, M|\n|poke|p1|Urshifu-*, F|\n|poke|p1|Melmetal|\n|poke|p2|Landorus-Therian, M|\n|poke|p2|Weavile, F|\n|poke|p2|Tapu Fini|\n|poke|p2|Heatran, F|\n|poke|p2|Rillaboom, M|\n|poke|p2|Blacephalon|\n|teampreview\n|c|\u2606damien the genius|hf\n|c|\u2606damien the genius|sorry about the waits\n|c|\u2606Separation|hf\n|inactive|Separation has 270 seconds left.\n|inactive|damien the genius has 270 seconds left.\n|inactive|damien the genius has 240 seconds left.\n|inactive|damien the genius has 210 seconds left.\n|\n|t:|1790690306\n|teamsize|p1|6\n|teamsize|p2|6\n|start\n|switch|p1a: Weavile|Weavile, M|100/100\n|switch|p2a: Rillaboom|Rillaboom, M|100/100\n|-ability|p1a: Weavile|Pressure\n|-fieldstart|move: Grassy Terrain|[from] ability: Grassy Surge|[of] p2a: Rillaboom\n|turn|1\n|inactive|damien the genius has 270 seconds left.\n|inactive|damien the genius has 240 seconds left.\n|inactive|damien the genius has 210 seconds left.\n|\n|t:|1790690374\n|switch|p1a: Corviknight|Corviknight, M, shiny|100/100\n|-ability|p1a: Corviknight|Pressure\n|switch|p2a: Weavile|Weavile, F|100/100\n|\n|upkeep\n|turn|2\n|inactive|damien the genius has 210 seconds left.\n|\n|t:|1790690387\n|switch|p2a: Blacephalon|Blacephalon|100/100\n|move|p1a: Corviknight|U-turn|p2a: Blacephalon\n|-resisted|p2a: Blacephalon\n|-damage|p2a: Blacephalon|92/100\n|\n|t:|1790690402\n|switch|p1a: Urshifu|Urshifu-Rapid-Strike, F|100/100|[from] U-turn\n|\n|-heal|p2a: Blacephalon|98/100|[from] Grassy Terrain\n|upkeep\n|turn|3\n|\n|t:|1790690409\n|switch|p2a: Tapu Fini|Tapu Fini|100/100\n|-fieldstart|move: Misty Terrain|[from] ability: Misty Surge|[of] p2a: Tapu Fini\n|move|p1a: Urshifu|U-turn|p2a: Tapu Fini\n|-resisted|p2a: Tapu Fini\n|-damage|p2a: Tapu Fini|88/100\n|\n|t:|1790690428\n|switch|p1a: Melmetal|Melmetal|100/100|[from] U-turn\n|\n|upkeep\n|turn|4\n|\n|t:|1790690443\n|switch|p2a: Landorus|Landorus-Therian, M|100/100\n|-ability|p2a: Landorus|Intimidate|boost\n|-unboost|p1a: Melmetal|atk|1\n|move|p1a: Melmetal|Double Iron Bash|p2a: Landorus\n|-crit|p2a: Landorus\n|-damage|p2a: Landorus|38/100\n|-damage|p2a: Landorus|10/100\n|-hitcount|p2a: Landorus|2\n|\n|-heal|p2a: Landorus|16/100|[from] item: Leftovers\n|upkeep\n|turn|5\n|inactive|damien the genius has 210 seconds left.\n|\n|t:|1790690481\n|move|p2a: Landorus|Earthquake|p1a: Melmetal\n|-supereffective|p1a: Melmetal\n|-damage|p1a: Melmetal|46/100\n|move|p1a: Melmetal|Double Iron Bash|p2a: Landorus\n|-damage|p2a: Landorus|0 fnt\n|faint|p2a: Landorus\n|-hitcount|p2: Landorus|1\n|\n|-heal|p1a: Melmetal|53/100|[from] item: Leftovers\n|upkeep\n|\n|t:|1790690488\n|switch|p2a: Heatran|Heatran, F|100/100\n|-item|p2a: Heatran|Air Balloon\n|turn|6\n|\n|t:|1790690496\n|switch|p1a: Urshifu|Urshifu-Rapid-Strike, F|100/100\n|move|p2a: Heatran|Magma Storm|p1a: Urshifu\n|-resisted|p1a: Urshifu\n|-damage|p1a: Urshifu|54/100\n|-activate|p1a: Urshifu|move: Magma Storm|[of] p2a: Heatran\n|\n|-damage|p1a: Urshifu|42/100|[from] move: Magma Storm|[partiallytrapped]\n|upkeep\n|turn|7\n|inactive|damien the genius has 210 seconds left.\n|inactive|damien the genius has 180 seconds left.\n|\n|t:|1790690536\n|switch|p2a: Blacephalon|Blacephalon|98/100\n|move|p1a: Urshifu|U-turn|p2a: Blacephalon\n|-resisted|p2a: Blacephalon\n|-damage|p2a: Blacephalon|86/100\n|inactive|Separation has 270 seconds left.\n|\n|t:|1790690568\n|switch|p1a: Slowking|Slowking-Galar, M, shiny|100/100|[from] U-turn\n|\n|-fieldend|Misty Terrain\n|upkeep\n|turn|8\n|inactive|Separation has 270 seconds left.\n|inactive|damien the genius has 180 seconds left.\n|inactive|damien the genius has 150 seconds left.\n|\n|t:|1790690622\n|switch|p2a: Weavile|Weavile, F|100/100\n|move|p1a: Slowking|Scald|p2a: Weavile\n|-damage|p2a: Weavile|65/100\n|\n|upkeep\n|turn|9\n|inactive|damien the genius has 150 seconds left.\n|\n|t:|1790690635\n|switch|p1a: Corviknight|Corviknight, M, shiny|100/100\n|-ability|p1a: Corviknight|Pressure\n|move|p2a: Weavile|Swords Dance|p2a: Weavile\n|-boost|p2a: Weavile|atk|2\n|\n|upkeep\n|turn|10\n|\n|t:|1790690643\n|move|p2a: Weavile|Triple Axel|p1a: Corviknight\n|-damage|p1a: Corviknight|84/100\n|-damage|p2a: Weavile|49/100|[from] item: Rocky Helmet|[of] p1a: Corviknight\n|-damage|p1a: Corviknight|54/100\n|-damage|p2a: Weavile|32/100|[from] item: Rocky Helmet|[of] p1a: Corviknight\n|-damage|p1a: Corviknight|6/100\n|-damage|p2a: Weavile|16/100|[from] item: Rocky Helmet|[of] p1a: Corviknight\n|-hitcount|p1a: Corviknight|3\n|-damage|p2a: Weavile|6/100|[from] item: Life Orb\n|move|p1a: Corviknight|U-turn|p2a: Weavile\n|-supereffective|p2a: Weavile\n|-damage|p2a: Weavile|0 fnt\n|faint|p2a: Weavile\n|inactive|Separation has 270 seconds left.\n|\n|t:|1790690664\n|switch|p1a: Weavile|Weavile, M|100/100|[from] U-turn\n|-ability|p1a: Weavile|Pressure\n|\n|upkeep\n|\n|t:|1790690677\n|switch|p2a: Tapu Fini|Tapu Fini|88/100\n|-fieldstart|move: Misty Terrain|[from] ability: Misty Surge|[of] p2a: Tapu Fini\n|turn|11\n|\n|t:|1790690685\n|switch|p2a: Heatran|Heatran, F|100/100\n|-item|p2a: Heatran|Air Balloon\n|switch|p1a: Melmetal|Melmetal|53/100\n|\n|-heal|p1a: Melmetal|59/100|[from] item: Leftovers\n|upkeep\n|turn|12\n|\n|t:|1790690697\n|switch|p1a: Slowking|Slowking-Galar, M, shiny|100/100\n|move|p2a: Heatran|Stealth Rock|p1a: Slowking\n|-sidestart|p1: Separation|move: Stealth Rock\n|\n|upkeep\n|turn|13\n|inactive|damien the genius has 150 seconds left.\n|inactive|damien the genius has 120 seconds left.\n|\n|t:|1790690750\n|move|p2a: Heatran|Magma Storm|p1a: Slowking\n|-damage|p1a: Slowking|72/100\n|-activate|p1a: Slowking|move: Magma Storm|[of] p2a: Heatran\n|move|p1a: Slowking|Scald|p2a: Heatran\n|-supereffective|p2a: Heatran\n|-damage|p2a: Heatran|45/100\n|-enditem|p2a: Heatran|Air Balloon\n|\n|-damage|p1a: Slowking|60/100|[from] move: Magma Storm|[partiallytrapped]\n|upkeep\n|turn|14\n|inactive|damien the genius has 120 seconds left.\n|inactive|damien the genius has 90 seconds left.\n|\n|t:|1790690792\n|move|p2a: Heatran|Earth Power|p1a: Slowking\n|-supereffective|p1a: Slowking\n|-damage|p1a: Slowking|21/100\n|move|p1a: Slowking|Scald|p2a: Heatran\n|-supereffective|p2a: Heatran\n|-damage|p2a: Heatran|0 fnt\n|faint|p2a: Heatran\n|\n|-end|p1a: Slowking|Magma Storm|[partiallytrapped]|[silent]\n|upkeep\n|inactive|damien the genius has 90 seconds left.\n|\n|t:|1790690815\n|switch|p2a: Rillaboom|Rillaboom, M|100/100\n|-fieldstart|move: Grassy Terrain|[from] ability: Grassy Surge|[of] p2a: Rillaboom\n|turn|15\n|\n|t:|1790690825\n|move|p2a: Rillaboom|Knock Off|p1a: Slowking\n|-supereffective|p1a: Slowking\n|-damage|p1a: Slowking|0 fnt\n|-enditem|p1a: Slowking|Assault Vest|[from] move: Knock Off|[of] p2a: Rillaboom\n|faint|p1a: Slowking\n|-damage|p2a: Rillaboom|91/100|[from] item: Life Orb\n|\n|-heal|p2a: Rillaboom|97/100|[from] Grassy Terrain\n|upkeep\n|\n|t:|1790690832\n|switch|p1a: Garchomp|Garchomp, M|100/100\n|-damage|p1a: Garchomp|94/100|[from] Stealth Rock\n|turn|16\n|inactive|damien the genius has 90 seconds left.\n|\n|t:|1790690864\n|move|p2a: Rillaboom|Grassy Glide|p1a: Garchomp\n|-crit|p1a: Garchomp\n|-damage|p1a: Garchomp|17/100\n|-damage|p2a: Rillaboom|84/100|[from] ability: Rough Skin|[of] p1a: Garchomp\n|-damage|p2a: Rillaboom|75/100|[from] item: Life Orb\n|move|p1a: Garchomp|Toxic|p2a: Rillaboom\n|-status|p2a: Rillaboom|tox\n|\n|-heal|p2a: Rillaboom|81/100 tox|[from] Grassy Terrain\n|-heal|p1a: Garchomp|23/100|[from] Grassy Terrain\n|-heal|p1a: Garchomp|29/100|[from] item: Leftovers\n|-damage|p2a: Rillaboom|75/100 tox|[from] psn\n|upkeep\n|turn|17\n|inactive|damien the genius has 60 seconds left.\n|\n|t:|1790690891\n|move|p1a: Garchomp|Protect|p1a: Garchomp\n|-singleturn|p1a: Garchomp|Protect\n|move|p2a: Rillaboom|Grassy Glide|p1a: Garchomp\n|-activate|p1a: Garchomp|move: Protect\n|\n|-heal|p2a: Rillaboom|81/100 tox|[from] Grassy Terrain\n|-heal|p1a: Garchomp|35/100|[from] Grassy Terrain\n|-heal|p1a: Garchomp|42/100|[from] item: Leftovers\n|-damage|p2a: Rillaboom|68/100 tox|[from] psn\n|upkeep\n|turn|18\n|\n|t:|1790690909\n|switch|p1a: Corviknight|Corviknight, M, shiny|6/100\n|-damage|p1a: Corviknight|0 fnt|[from] Stealth Rock\n|faint|p1a: Corviknight\n|move|p2a: Rillaboom|Superpower|p1: Corviknight|[notarget]\n|-fail|p2a: Rillaboom\n|\n|-heal|p2a: Rillaboom|75/100 tox|[from] Grassy Terrain\n|-damage|p2a: Rillaboom|56/100 tox|[from] psn\n|upkeep\n|\n|t:|1790690914\n|switch|p1a: Garchomp|Garchomp, M|42/100\n|-damage|p1a: Garchomp|35/100|[from] Stealth Rock\n|turn|19\n|\n|t:|1790690927\n|switch|p2a: Tapu Fini|Tapu Fini|88/100\n|-fieldstart|move: Misty Terrain|[from] ability: Misty Surge|[of] p2a: Tapu Fini\n|move|p1a: Garchomp|Protect||[still]\n|-fail|p1a: Garchomp\n|\n|-heal|p1a: Garchomp|42/100|[from] item: Leftovers\n|upkeep\n|turn|20\n|\n|t:|1790690947\n|move|p1a: Garchomp|Protect|p1a: Garchomp\n|-singleturn|p1a: Garchomp|Protect\n|move|p2a: Tapu Fini|Moonblast|p1a: Garchomp\n|-activate|p1a: Garchomp|move: Protect\n|\n|-heal|p1a: Garchomp|48/100|[from] item: Leftovers\n|upkeep\n|turn|21\n|\n|t:|1790690963\n|switch|p2a: Blacephalon|Blacephalon|86/100\n|switch|p1a: Melmetal|Melmetal|59/100\n|-damage|p1a: Melmetal|53/100|[from] Stealth Rock\n|\n|-heal|p1a: Melmetal|59/100|[from] item: Leftovers\n|upkeep\n|turn|22\n|\n|t:|1790690982\n|move|p1a: Melmetal|Protect|p1a: Melmetal\n|-singleturn|p1a: Melmetal|Protect\n|move|p2a: Blacephalon|Flamethrower|p1a: Melmetal\n|-activate|p1a: Melmetal|move: Protect\n|\n|-heal|p1a: Melmetal|65/100|[from] item: Leftovers\n|upkeep\n|turn|23\n|\n|t:|1790691005\n|switch|p1a: Urshifu|Urshifu-Rapid-Strike, F|42/100\n|-damage|p1a: Urshifu|35/100|[from] Stealth Rock\n|move|p2a: Blacephalon|Flamethrower|p1a: Urshifu\n|-resisted|p1a: Urshifu\n|-damage|p1a: Urshifu|0 fnt\n|faint|p1a: Urshifu\n|-ability|p2a: Blacephalon|Beast Boost|boost\n|-boost|p2a: Blacephalon|spa|1\n|\n|-fieldend|Misty Terrain\n|upkeep\n|\n|t:|1790691008\n|switch|p1a: Weavile|Weavile, M|100/100\n|-damage|p1a: Weavile|76/100|[from] Stealth Rock\n|-ability|p1a: Weavile|Pressure\n|turn|24\n|\n|t:|1790691014\n|move|p2a: Blacephalon|Flamethrower|p1a: Weavile\n|-supereffective|p1a: Weavile\n|-damage|p1a: Weavile|0 fnt\n|faint|p1a: Weavile\n|-ability|p2a: Blacephalon|Beast Boost|boost\n|-boost|p2a: Blacephalon|spa|1\n|\n|upkeep\n|\n|t:|1790691017\n|switch|p1a: Garchomp|Garchomp, M|48/100\n|-damage|p1a: Garchomp|42/100|[from] Stealth Rock\n|turn|25\n|inactive|damien the genius has 60 seconds left.\n|inactive|damien the genius has 30 seconds left.\n|inactive|damien the genius has 20 seconds left.\n|inactive|damien the genius has 15 seconds left.\n|\n|t:|1790691069\n|move|p2a: Blacephalon|Flamethrower|p1a: Garchomp\n|-resisted|p1a: Garchomp\n|-damage|p1a: Garchomp|6/100\n|move|p1a: Garchomp|Earthquake|p2a: Blacephalon\n|-supereffective|p2a: Blacephalon\n|-damage|p2a: Blacephalon|0 fnt\n|faint|p2a: Blacephalon\n|\n|-heal|p1a: Garchomp|12/100|[from] item: Leftovers\n|upkeep\n|inactive|damien the genius has 20 seconds left this turn.\n|inactive|damien the genius has 15 seconds left.\n|\n|t:|1790691074\n|switch|p2a: Tapu Fini|Tapu Fini|88/100\n|-fieldstart|move: Misty Terrain|[from] ability: Misty Surge|[of] p2a: Tapu Fini\n|turn|26\n|inactive|damien the genius has 25 seconds left this turn.\n|inactive|damien the genius has 20 seconds left.\n|\n|t:|1790691079\n|move|p1a: Garchomp|Protect|p1a: Garchomp\n|-singleturn|p1a: Garchomp|Protect\n|move|p2a: Tapu Fini|Scald|p1a: Garchomp\n|-activate|p1a: Garchomp|move: Protect\n|\n|-heal|p1a: Garchomp|18/100|[from] item: Leftovers\n|upkeep\n|turn|27\n|inactive|damien the genius has 30 seconds left this turn.\n|\n|t:|1790691085\n|switch|p1a: Melmetal|Melmetal|65/100\n|-damage|p1a: Melmetal|59/100|[from] Stealth Rock\n|move|p2a: Tapu Fini|Scald|p1a: Melmetal\n|-damage|p1a: Melmetal|24/100\n|\n|-heal|p1a: Melmetal|30/100|[from] item: Leftovers\n|upkeep\n|turn|28\n|\n|t:|1790691093\n|move|p1a: Melmetal|Protect|p1a: Melmetal\n|-singleturn|p1a: Melmetal|Protect\n|move|p2a: Tapu Fini|Scald|p1a: Melmetal\n|-activate|p1a: Melmetal|move: Protect\n|\n|-heal|p1a: Melmetal|37/100|[from] item: Leftovers\n|upkeep\n|turn|29\n|\n|t:|1790691100\n|move|p2a: Tapu Fini|Scald|p1a: Melmetal\n|-damage|p1a: Melmetal|3/100\n|move|p1a: Melmetal|Double Iron Bash|p2a: Tapu Fini\n|-damage|p2a: Tapu Fini|41/100\n|-damage|p2a: Tapu Fini|0 fnt\n|faint|p2a: Tapu Fini\n|-hitcount|p2: Tapu Fini|2\n|\n|-heal|p1a: Melmetal|9/100|[from] item: Leftovers\n|upkeep\n|\n|t:|1790691105\n|switch|p2a: Rillaboom|Rillaboom, M|56/100 tox\n|-fieldstart|move: Grassy Terrain|[from] ability: Grassy Surge|[of] p2a: Rillaboom\n|turn|30\n|\n|t:|1790691114\n|move|p1a: Melmetal|Protect|p1a: Melmetal\n|-singleturn|p1a: Melmetal|Protect\n|move|p2a: Rillaboom|Knock Off|p1a: Melmetal\n|-activate|p1a: Melmetal|move: Protect\n|\n|-heal|p2a: Rillaboom|62/100 tox|[from] Grassy Terrain\n|-heal|p1a: Melmetal|15/100|[from] Grassy Terrain\n|-heal|p1a: Melmetal|21/100|[from] item: Leftovers\n|-damage|p2a: Rillaboom|56/100 tox|[from] psn\n|upkeep\n|turn|31\n|inactive|damien the genius has 60 seconds left.\n|\n|t:|1790691134\n|move|p1a: Melmetal|Protect|p1a: Melmetal\n|-singleturn|p1a: Melmetal|Protect\n|move|p2a: Rillaboom|Knock Off|p1a: Melmetal\n|-activate|p1a: Melmetal|move: Protect\n|\n|-heal|p2a: Rillaboom|62/100 tox|[from] Grassy Terrain\n|-heal|p1a: Melmetal|27/100|[from] Grassy Terrain\n|-heal|p1a: Melmetal|33/100|[from] item: Leftovers\n|-damage|p2a: Rillaboom|50/100 tox|[from] psn\n|upkeep\n|turn|32\n|\n|t:|1790691149\n|switch|p1a: Garchomp|Garchomp, M|18/100\n|-damage|p1a: Garchomp|12/100|[from] Stealth Rock\n|move|p2a: Rillaboom|Superpower|p1a: Garchomp\n|-damage|p1a: Garchomp|0 fnt\n|-unboost|p2a: Rillaboom|atk|1\n|-unboost|p2a: Rillaboom|def|1\n|-damage|p2a: Rillaboom|37/100 tox|[from] ability: Rough Skin|[of] p1a: Garchomp\n|faint|p1a: Garchomp\n|-damage|p2a: Rillaboom|28/100 tox|[from] item: Life Orb\n|\n|-heal|p2a: Rillaboom|34/100 tox|[from] Grassy Terrain\n|-damage|p2a: Rillaboom|15/100 tox|[from] psn\n|upkeep\n|\n|t:|1790691155\n|switch|p1a: Melmetal|Melmetal|33/100\n|-damage|p1a: Melmetal|27/100|[from] Stealth Rock\n|turn|33\n|\n|t:|1790691175\n|move|p1a: Melmetal|Protect|p1a: Melmetal\n|-singleturn|p1a: Melmetal|Protect\n|move|p2a: Rillaboom|Superpower|p1a: Melmetal\n|-activate|p1a: Melmetal|move: Protect\n|\n|-heal|p2a: Rillaboom|21/100 tox|[from] Grassy Terrain\n|-heal|p1a: Melmetal|33/100|[from] Grassy Terrain\n|-heal|p1a: Melmetal|39/100|[from] item: Leftovers\n|-damage|p2a: Rillaboom|0 fnt|[from] psn\n|faint|p2a: Rillaboom\n|\n|win|Separation\n|c|\u2606damien the genius|gg\n|c|\u2606Separation|ggs\n|c|+Kafkafka|goat\n", "uploadtime": 1790691175, "views": "226", "formatid": "gen8ou", "rating": null, "private": 0, "password": null}