{"id": "smogtours-gen8ou-975323", "format": "[Gen 8] OU", "players": ["mist", "srvoltmike"], "log": "|inactive|Battle timer is ON: inactive players will automatically lose when time's up.\n|t:|1790553988\n|gametype|singles\n|player|p1|mist|2|\n|player|p2|srvoltmike|#scl6dynamos2|\n|gen|8\n|tier|[Gen 8] OU\n|rule|HP Percentage Mod: HP is shown in percentages\n|rule|Endless Battle Clause: Forcing endless battles is banned\n|rule|Sleep Clause Mod: Limit one foe put to sleep\n|rule|Species Clause: Limit one of each Pok\u00e9mon\n|rule|OHKO Clause: OHKO moves are banned\n|rule|Evasion Items Clause: Evasion items are banned\n|rule|Evasion Moves Clause: Evasion moves are banned\n|rule|Dynamax Clause: You cannot dynamax\n|clearpoke\n|poke|p1|Keldeo-Resolute|\n|poke|p1|Clefable, M|\n|poke|p1|Landorus-Therian, M|\n|poke|p1|Ferrothorn, F|\n|poke|p1|Slowking-Galar, M|\n|poke|p1|Weavile, M|\n|poke|p2|Garchomp, M|\n|poke|p2|Landorus-Therian, M|\n|poke|p2|Tapu Fini|\n|poke|p2|Kartana|\n|poke|p2|Tapu Lele|\n|poke|p2|Magnezone|\n|teampreview\n|c|\u2606mist|hf\n|c|\u2606srvoltmike|gl hf\n|inactive|mist has 270 seconds left.\n|inactive|srvoltmike has 270 seconds left.\n|inactive|mist has 240 seconds left.\n|\n|t:|1790554049\n|teamsize|p1|6\n|teamsize|p2|6\n|start\n|switch|p1a: Landorus|Landorus-Therian, M|100/100\n|switch|p2a: Landorus|Landorus-Therian, M|100/100\n|-ability|p2a: Landorus|Intimidate|boost\n|-unboost|p1a: Landorus|atk|1\n|-ability|p1a: Landorus|Intimidate|boost\n|-unboost|p2a: Landorus|atk|1\n|turn|1\n|\n|t:|1790554065\n|move|p2a: Landorus|Stealth Rock|p1a: Landorus\n|-sidestart|p1: mist|move: Stealth Rock\n|move|p1a: Landorus|U-turn|p2a: Landorus\n|-resisted|p2a: Landorus\n|-damage|p2a: Landorus|91/100\n|\n|t:|1790554077\n|switch|p1a: Keldeo|Keldeo-Resolute|100/100|[from] U-turn\n|-damage|p1a: Keldeo|94/100|[from] Stealth Rock\n|\n|upkeep\n|turn|2\n|\n|t:|1790554083\n|switch|p2a: Tapu Fini|Tapu Fini|100/100\n|-fieldstart|move: Misty Terrain|[from] ability: Misty Surge|[of] p2a: Tapu Fini\n|move|p1a: Keldeo|Scald|p2a: Tapu Fini\n|-resisted|p2a: Tapu Fini\n|-damage|p2a: Tapu Fini|74/100\n|\n|-heal|p2a: Tapu Fini|80/100|[from] item: Leftovers\n|upkeep\n|turn|3\n|\n|t:|1790554094\n|switch|p1a: Ferrothorn|Ferrothorn, F|100/100\n|-damage|p1a: Ferrothorn|94/100|[from] Stealth Rock\n|switch|p2a: Magnezone|Magnezone|100/100\n|-item|p2a: Magnezone|Air Balloon\n|\n|upkeep\n|turn|4\n|\n|t:|1790554105\n|move|p2a: Magnezone|Iron Defense|p2a: Magnezone\n|-boost|p2a: Magnezone|def|2\n|move|p1a: Ferrothorn|Leech Seed|p2a: Magnezone\n|-start|p2a: Magnezone|move: Leech Seed\n|\n|-damage|p2a: Magnezone|88/100|[from] Leech Seed|[of] p1a: Ferrothorn\n|-heal|p1a: Ferrothorn|100/100|[silent]\n|upkeep\n|turn|5\n|c|+sheepie_sheep|whats this for\n|\n|t:|1790554108\n|move|p2a: Magnezone|Iron Defense|p2a: Magnezone\n|-boost|p2a: Magnezone|def|2\n|move|p1a: Ferrothorn|Knock Off|p2a: Magnezone\n|-damage|p2a: Magnezone|83/100\n|-enditem|p2a: Magnezone|Air Balloon\n|\n|-damage|p2a: Magnezone|71/100|[from] Leech Seed|[of] p1a: Ferrothorn\n|upkeep\n|turn|6\n|c|\u2606mist|masters\n|c|+sheepie_sheep|ah\n|c|\u2606mist|i think\n|\n|t:|1790554120\n|move|p2a: Magnezone|Iron Defense|p2a: Magnezone\n|-boost|p2a: Magnezone|def|2\n|move|p1a: Ferrothorn|Spikes|p2a: Magnezone\n|-sidestart|p2: srvoltmike|Spikes\n|\n|-damage|p2a: Magnezone|59/100|[from] Leech Seed|[of] p1a: Ferrothorn\n|-fieldend|Misty Terrain\n|upkeep\n|turn|7\n|\n|t:|1790554123\n|move|p2a: Magnezone|Body Press|p1a: Ferrothorn\n|-supereffective|p1a: Ferrothorn\n|-damage|p1a: Ferrothorn|0 fnt\n|-damage|p2a: Magnezone|47/100|[from] ability: Iron Barbs|[of] p1a: Ferrothorn\n|-damage|p2a: Magnezone|30/100|[from] item: Rocky Helmet|[of] p1a: Ferrothorn\n|faint|p1a: Ferrothorn\n|\n|upkeep\n|c|\u2606srvoltmike|i also think its for masters\n|\n|t:|1790554143\n|switch|p1a: Keldeo|Keldeo-Resolute|94/100\n|-damage|p1a: Keldeo|88/100|[from] Stealth Rock\n|turn|8\n|\n|t:|1790554151\n|move|p1a: Keldeo|Scald|p2a: Magnezone\n|-damage|p2a: Magnezone|0 fnt\n|faint|p2a: Magnezone\n|\n|upkeep\n|c|\u2606mist|true\n|inactive|srvoltmike has 270 seconds left.\n|\n|t:|1790554183\n|switch|p2a: Kartana|Kartana|100/100\n|-damage|p2a: Kartana|88/100|[from] Spikes\n|turn|9\n|c|\u2606mist|why r so many ppl watching yo\n|\n|t:|1790554200\n|switch|p1a: Landorus|Landorus-Therian, M|100/100\n|-damage|p1a: Landorus|88/100|[from] Stealth Rock\n|-ability|p1a: Landorus|Intimidate|boost\n|-unboost|p2a: Kartana|atk|1\n|move|p2a: Kartana|Knock Off|p1a: Landorus\n|-damage|p1a: Landorus|60/100\n|-enditem|p1a: Landorus|Leftovers|[from] move: Knock Off|[of] p2a: Kartana\n|\n|upkeep\n|turn|10\n|inactive|srvoltmike has 270 seconds left.\n|\n|t:|1790554223\n|switch|p2a: Landorus|Landorus-Therian, M|91/100\n|-ability|p2a: Landorus|Intimidate|boost\n|-unboost|p1a: Landorus|atk|1\n|move|p1a: Landorus|U-turn|p2a: Landorus\n|-resisted|p2a: Landorus\n|-damage|p2a: Landorus|83/100\n|\n|t:|1790554226\n|switch|p1a: Keldeo|Keldeo-Resolute|88/100|[from] U-turn\n|-damage|p1a: Keldeo|82/100|[from] Stealth Rock\n|\n|upkeep\n|turn|11\n|\n|t:|1790554231\n|switch|p2a: Tapu Fini|Tapu Fini|80/100\n|-damage|p2a: Tapu Fini|67/100|[from] Spikes\n|-fieldstart|move: Misty Terrain|[from] ability: Misty Surge|[of] p2a: Tapu Fini\n|move|p1a: Keldeo|Scald|p2a: Tapu Fini\n|-resisted|p2a: Tapu Fini\n|-damage|p2a: Tapu Fini|41/100\n|\n|-heal|p2a: Tapu Fini|47/100|[from] item: Leftovers\n|upkeep\n|turn|12\n|\n|t:|1790554235\n|switch|p1a: Slowking|Slowking-Galar, M|100/100\n|-damage|p1a: Slowking|88/100|[from] Stealth Rock\n|move|p2a: Tapu Fini|Draining Kiss|p1a: Slowking\n|-resisted|p1a: Slowking\n|-damage|p1a: Slowking|82/100\n|-heal|p2a: Tapu Fini|52/100|[from] drain|[of] p1a: Slowking\n|\n|-heal|p2a: Tapu Fini|58/100|[from] item: Leftovers\n|upkeep\n|turn|13\n|\n|t:|1790554241\n|switch|p2a: Landorus|Landorus-Therian, M|83/100\n|-ability|p2a: Landorus|Intimidate|boost\n|-unboost|p1a: Slowking|atk|1\n|move|p1a: Slowking|Sludge Bomb|p2a: Landorus\n|-resisted|p2a: Landorus\n|-damage|p2a: Landorus|55/100\n|\n|upkeep\n|turn|14\n|\n|t:|1790554264\n|move|p2a: Landorus|Knock Off|p1a: Slowking\n|-supereffective|p1a: Slowking\n|-damage|p1a: Slowking|7/100\n|-enditem|p1a: Slowking|Assault Vest|[from] move: Knock Off|[of] p2a: Landorus\n|move|p1a: Slowking|Scald|p2a: Landorus\n|-supereffective|p2a: Landorus\n|-damage|p2a: Landorus|0 fnt\n|faint|p2a: Landorus\n|\n|upkeep\n|\n|t:|1790554274\n|switch|p2a: Tapu Fini|Tapu Fini|58/100\n|-damage|p2a: Tapu Fini|46/100|[from] Spikes\n|turn|15\n|\n|t:|1790554283\n|switch|p1a: Clefable|Clefable, M|100/100\n|move|p2a: Tapu Fini|Scald|p1a: Clefable\n|-damage|p1a: Clefable|70/100\n|\n|-heal|p2a: Tapu Fini|52/100|[from] item: Leftovers\n|-heal|p1a: Clefable|76/100|[from] item: Leftovers\n|-fieldend|Misty Terrain\n|upkeep\n|turn|16\n|\n|t:|1790554289\n|move|p2a: Tapu Fini|Calm Mind|p2a: Tapu Fini\n|-boost|p2a: Tapu Fini|spa|1\n|-boost|p2a: Tapu Fini|spd|1\n|move|p1a: Clefable|Knock Off|p2a: Tapu Fini\n|-resisted|p2a: Tapu Fini\n|-damage|p2a: Tapu Fini|45/100\n|-enditem|p2a: Tapu Fini|Leftovers|[from] move: Knock Off|[of] p1a: Clefable\n|\n|-heal|p1a: Clefable|82/100|[from] item: Leftovers\n|upkeep\n|turn|17\n|\n|t:|1790554300\n|switch|p1a: Landorus|Landorus-Therian, M|60/100\n|-damage|p1a: Landorus|47/100|[from] Stealth Rock\n|-ability|p1a: Landorus|Intimidate|boost\n|-unboost|p2a: Tapu Fini|atk|1\n|move|p2a: Tapu Fini|Substitute|p2a: Tapu Fini\n|-start|p2a: Tapu Fini|Substitute\n|-damage|p2a: Tapu Fini|21/100\n|\n|upkeep\n|turn|18\n|\n|t:|1790554305\n|move|p2a: Tapu Fini|Draining Kiss|p1a: Landorus\n|-damage|p1a: Landorus|25/100\n|-heal|p2a: Tapu Fini|41/100|[from] drain|[of] p1a: Landorus\n|move|p1a: Landorus|Earthquake|p2a: Tapu Fini\n|-end|p2a: Tapu Fini|Substitute\n|\n|upkeep\n|turn|19\n|\n|t:|1790554311\n|move|p2a: Tapu Fini|Scald|p1a: Landorus\n|-supereffective|p1a: Landorus\n|-damage|p1a: Landorus|0 fnt\n|faint|p1a: Landorus\n|\n|upkeep\n|\n|t:|1790554319\n|switch|p1a: Slowking|Slowking-Galar, M|40/100\n|-damage|p1a: Slowking|27/100|[from] Stealth Rock\n|turn|20\n|\n|t:|1790554323\n|move|p2a: Tapu Fini|Scald|p1a: Slowking\n|-damage|p1a: Slowking|0 fnt\n|faint|p1a: Slowking\n|\n|upkeep\n|\n|t:|1790554350\n|switch|p1a: Clefable|Clefable, M|82/100\n|turn|21\n|\n|t:|1790554355\n|move|p2a: Tapu Fini|Substitute|p2a: Tapu Fini\n|-start|p2a: Tapu Fini|Substitute\n|-damage|p2a: Tapu Fini|17/100\n|move|p1a: Clefable|Moonblast|p2a: Tapu Fini\n|-activate|p2a: Tapu Fini|move: Substitute|[damage]\n|\n|-heal|p1a: Clefable|88/100|[from] item: Leftovers\n|upkeep\n|turn|22\n|\n|t:|1790554361\n|move|p2a: Tapu Fini|Draining Kiss|p1a: Clefable\n|-damage|p1a: Clefable|58/100\n|-heal|p2a: Tapu Fini|47/100|[from] drain|[of] p1a: Clefable\n|move|p1a: Clefable|Moonblast|p2a: Tapu Fini\n|-end|p2a: Tapu Fini|Substitute\n|\n|-heal|p1a: Clefable|64/100|[from] item: Leftovers\n|upkeep\n|turn|23\n|\n|t:|1790554371\n|move|p2a: Tapu Fini|Substitute|p2a: Tapu Fini\n|-start|p2a: Tapu Fini|Substitute\n|-damage|p2a: Tapu Fini|22/100\n|move|p1a: Clefable|Stealth Rock|p2a: Tapu Fini\n|-sidestart|p2: srvoltmike|move: Stealth Rock\n|\n|-heal|p1a: Clefable|70/100|[from] item: Leftovers\n|upkeep\n|turn|24\n|\n|t:|1790554374\n|move|p2a: Tapu Fini|Draining Kiss|p1a: Clefable\n|-damage|p1a: Clefable|40/100\n|-heal|p2a: Tapu Fini|51/100|[from] drain|[of] p1a: Clefable\n|move|p1a: Clefable|Moonblast|p2a: Tapu Fini\n|-crit|p2a: Tapu Fini\n|-end|p2a: Tapu Fini|Substitute\n|\n|-heal|p1a: Clefable|46/100|[from] item: Leftovers\n|upkeep\n|turn|25\n|\n|t:|1790554380\n|move|p2a: Tapu Fini|Substitute|p2a: Tapu Fini\n|-start|p2a: Tapu Fini|Substitute\n|-damage|p2a: Tapu Fini|26/100\n|move|p1a: Clefable|Soft-Boiled|p1a: Clefable\n|-heal|p1a: Clefable|96/100\n|\n|-heal|p1a: Clefable|100/100|[from] item: Leftovers\n|upkeep\n|turn|26\n|\n|t:|1790554387\n|move|p2a: Tapu Fini|Calm Mind|p2a: Tapu Fini\n|-boost|p2a: Tapu Fini|spa|1\n|-boost|p2a: Tapu Fini|spd|1\n|move|p1a: Clefable|Moonblast|p2a: Tapu Fini\n|-activate|p2a: Tapu Fini|move: Substitute|[damage]\n|\n|upkeep\n|turn|27\n|\n|t:|1790554391\n|move|p2a: Tapu Fini|Draining Kiss|p1a: Clefable\n|-damage|p1a: Clefable|62/100\n|-heal|p2a: Tapu Fini|64/100|[from] drain|[of] p1a: Clefable\n|move|p1a: Clefable|Moonblast|p2a: Tapu Fini\n|-end|p2a: Tapu Fini|Substitute\n|\n|-heal|p1a: Clefable|69/100|[from] item: Leftovers\n|upkeep\n|turn|28\n|\n|t:|1790554398\n|switch|p1a: Keldeo|Keldeo-Resolute|82/100\n|-damage|p1a: Keldeo|76/100|[from] Stealth Rock\n|move|p2a: Tapu Fini|Substitute|p2a: Tapu Fini\n|-start|p2a: Tapu Fini|Substitute\n|-damage|p2a: Tapu Fini|39/100\n|\n|upkeep\n|turn|29\n|\n|t:|1790554407\n|move|p1a: Keldeo|Secret Sword|p2a: Tapu Fini\n|-resisted|p2a: Tapu Fini\n|-end|p2a: Tapu Fini|Substitute\n|move|p2a: Tapu Fini|Draining Kiss|p1a: Keldeo\n|-supereffective|p1a: Keldeo\n|-damage|p1a: Keldeo|0 fnt\n|-heal|p2a: Tapu Fini|99/100|[from] drain|[of] p1a: Keldeo\n|faint|p1a: Keldeo\n|\n|upkeep\n|\n|t:|1790554410\n|switch|p1a: Weavile|Weavile, M|100/100\n|-ability|p1a: Weavile|Pressure\n|turn|30\n|\n|t:|1790554415\n|move|p1a: Weavile|Swords Dance|p1a: Weavile\n|-boost|p1a: Weavile|atk|2\n|move|p2a: Tapu Fini|Draining Kiss|p1a: Weavile\n|-supereffective|p1a: Weavile\n|-damage|p1a: Weavile|0 fnt\n|-heal|p2a: Tapu Fini|100/100|[from] drain|[of] p1a: Weavile\n|faint|p1a: Weavile\n|\n|upkeep\n|c|\u2606mist|gg\n|\n|t:|1790554419\n|switch|p1a: Clefable|Clefable, M|69/100\n|turn|31\n|\n|t:|1790554421\n|move|p2a: Tapu Fini|Substitute|p2a: Tapu Fini\n|-start|p2a: Tapu Fini|Substitute\n|-damage|p2a: Tapu Fini|76/100\n|move|p1a: Clefable|Moonblast|p2a: Tapu Fini\n|-activate|p2a: Tapu Fini|move: Substitute|[damage]\n|\n|-heal|p1a: Clefable|75/100|[from] item: Leftovers\n|upkeep\n|turn|32\n|c|\u2606srvoltmike|gg\n|\n|t:|1790554427\n|move|p2a: Tapu Fini|Calm Mind|p2a: Tapu Fini\n|-boost|p2a: Tapu Fini|spa|1\n|-boost|p2a: Tapu Fini|spd|1\n|move|p1a: Clefable|Moonblast|p2a: Tapu Fini\n|-end|p2a: Tapu Fini|Substitute\n|\n|-heal|p1a: Clefable|81/100|[from] item: Leftovers\n|upkeep\n|turn|33\n|c|\u2606mist|i pick next tier?\n|\n|t:|1790554452\n|move|p2a: Tapu Fini|Substitute|p2a: Tapu Fini\n|-start|p2a: Tapu Fini|Substitute\n|-damage|p2a: Tapu Fini|51/100\n|move|p1a: Clefable|Moonblast|p2a: Tapu Fini\n|-activate|p2a: Tapu Fini|move: Substitute|[damage]\n|\n|-heal|p1a: Clefable|87/100|[from] item: Leftovers\n|upkeep\n|turn|34\n|c|\u2606mist|i think so irhgt\n|c|\u2606mist|right\n|c|\u2606srvoltmike|ye\n|-message|mist forfeited.\n|\n|win|srvoltmike\n|c|\u2606mist|gg\n", "uploadtime": 1790554461, "views": "59", "formatid": "gen8ou", "rating": null, "private": 0, "password": null}