{"id": "smogtours-gen8ou-975705", "format": "[Gen 8] OU", "players": ["cripwalk on sunday", "ROTS 021315"], "log": "|inactive|Battle timer is ON: inactive players will automatically lose when time's up.\n|t:|1790877199\n|gametype|singles\n|player|p1|cripwalk on sunday|shauntal|\n|player|p2|ROTS 021315|unknown|\n|gen|8\n|tier|[Gen 8] OU\n|rule|HP Percentage Mod: HP is shown in percentages\n|rule|Endless Battle Clause: Forcing endless battles is banned\n|rule|Sleep Clause Mod: Limit one foe put to sleep\n|rule|Species Clause: Limit one of each Pok\u00e9mon\n|rule|OHKO Clause: OHKO moves are banned\n|rule|Evasion Items Clause: Evasion items are banned\n|rule|Evasion Moves Clause: Evasion moves are banned\n|rule|Dynamax Clause: You cannot dynamax\n|clearpoke\n|poke|p1|Clefable, F|\n|poke|p1|Skarmory, M|\n|poke|p1|Gastrodon-East, M|\n|poke|p1|Heatran, F|\n|poke|p1|Tapu Koko|\n|poke|p1|Dragonite, M|\n|poke|p2|Garchomp, F|\n|poke|p2|Tyranitar, F|\n|poke|p2|Tapu Lele|\n|poke|p2|Dragapult, F|\n|poke|p2|Ferrothorn, M|\n|poke|p2|Zapdos|\n|teampreview\n|inactive|ROTS 021315 also wants the timer to be on.\n|c|\u2606cripwalk on sunday|hf\n|inactive|cripwalk on sunday has 270 seconds left.\n|inactive|ROTS 021315 has 270 seconds left.\n|inactive|cripwalk on sunday has 240 seconds left.\n|inactive|ROTS 021315 has 240 seconds left.\n|inactive|cripwalk on sunday has 210 seconds left.\n|\n|t:|1790877291\n|teamsize|p1|6\n|teamsize|p2|6\n|start\n|switch|p1a: Heatran|Heatran, F|100/100\n|switch|p2a: Opme|Dragapult, F|100/100\n|turn|1\n|inactive|ROTS 021315 has 270 seconds left.\n|\n|t:|1790877313\n|switch|p2a: the Don|Garchomp, F|100/100\n|move|p1a: Heatran|Stealth Rock|p2a: the Don\n|-sidestart|p2: ROTS 021315|move: Stealth Rock\n|\n|upkeep\n|turn|2\n|\n|t:|1790877315\n|switch|p1a: Skarmory|Skarmory, M|100/100\n|move|p2a: the Don|Swords Dance|p2a: the Don\n|-boost|p2a: the Don|atk|2\n|\n|upkeep\n|turn|3\n|\n|t:|1790877323\n|move|p2a: the Don|Fire Fang|p1a: Skarmory\n|-supereffective|p1a: Skarmory\n|-damage|p1a: Skarmory|42/100\n|-status|p1a: Skarmory|brn\n|-damage|p2a: the Don|84/100|[from] item: Rocky Helmet|[of] p1a: Skarmory\n|move|p1a: Skarmory|Spikes|p2a: the Don\n|-sidestart|p2: ROTS 021315|Spikes\n|\n|-heal|p2a: the Don|90/100|[from] item: Leftovers\n|-damage|p1a: Skarmory|36/100 brn|[from] brn\n|upkeep\n|turn|4\n|\n|t:|1790877352\n|move|p2a: the Don|Earthquake|p1a: Skarmory\n|-immune|p1a: Skarmory\n|move|p1a: Skarmory|Iron Defense|p1a: Skarmory\n|-boost|p1a: Skarmory|def|2\n|\n|-heal|p2a: the Don|96/100|[from] item: Leftovers\n|-damage|p1a: Skarmory|30/100 brn|[from] brn\n|upkeep\n|turn|5\n|\n|t:|1790877356\n|move|p2a: the Don|Fire Fang|p1a: Skarmory\n|-supereffective|p1a: Skarmory\n|-damage|p1a: Skarmory|4/100 brn\n|-damage|p2a: the Don|80/100|[from] item: Rocky Helmet|[of] p1a: Skarmory\n|move|p1a: Skarmory|Roost|p1a: Skarmory\n|-heal|p1a: Skarmory|54/100 brn\n|-singleturn|p1a: Skarmory|move: Roost\n|\n|-heal|p2a: the Don|86/100|[from] item: Leftovers\n|-damage|p1a: Skarmory|48/100 brn|[from] brn\n|upkeep\n|turn|6\n|\n|t:|1790877362\n|move|p2a: the Don|Fire Fang|p1a: Skarmory\n|-supereffective|p1a: Skarmory\n|-damage|p1a: Skarmory|23/100 brn\n|-damage|p2a: the Don|69/100|[from] item: Rocky Helmet|[of] p1a: Skarmory\n|move|p1a: Skarmory|Roost|p1a: Skarmory\n|-heal|p1a: Skarmory|73/100 brn\n|-singleturn|p1a: Skarmory|move: Roost\n|\n|-heal|p2a: the Don|76/100|[from] item: Leftovers\n|-damage|p1a: Skarmory|67/100 brn|[from] brn\n|upkeep\n|turn|7\n|\n|t:|1790877376\n|move|p2a: the Don|Fire Fang|p1a: Skarmory\n|-supereffective|p1a: Skarmory\n|-damage|p1a: Skarmory|39/100 brn\n|-damage|p2a: the Don|59/100|[from] item: Rocky Helmet|[of] p1a: Skarmory\n|move|p1a: Skarmory|Roost|p1a: Skarmory\n|-heal|p1a: Skarmory|89/100 brn\n|-singleturn|p1a: Skarmory|move: Roost\n|\n|-heal|p2a: the Don|65/100|[from] item: Leftovers\n|-damage|p1a: Skarmory|83/100 brn|[from] brn\n|upkeep\n|turn|8\n|\n|t:|1790877381\n|switch|p2a: Fly High|Zapdos|100/100\n|move|p1a: Skarmory|Iron Defense|p1a: Skarmory\n|-boost|p1a: Skarmory|def|2\n|\n|-damage|p1a: Skarmory|77/100 brn|[from] brn\n|upkeep\n|turn|9\n|\n|t:|1790877384\n|switch|p1a: Gastrodon|Gastrodon-East, M|100/100\n|move|p2a: Fly High|Defog|p1a: Gastrodon\n|-unboost|p1a: Gastrodon|evasion|1\n|-sideend|p2: ROTS 021315|Spikes|[from] move: Defog|[of] p2a: Fly High\n|-sideend|p2: ROTS 021315|Stealth Rock|[from] move: Defog|[of] p2a: Fly High\n|\n|upkeep\n|turn|10\n|\n|t:|1790877389\n|switch|p2a: Cockery|Ferrothorn, M|100/100\n|move|p1a: Gastrodon|Scald|p2a: Cockery\n|-resisted|p2a: Cockery\n|-damage|p2a: Cockery|89/100\n|\n|upkeep\n|turn|11\n|\n|t:|1790877392\n|switch|p1a: Heatran|Heatran, F|100/100\n|move|p2a: Cockery|Knock Off|p1a: Heatran\n|-damage|p1a: Heatran|85/100\n|-enditem|p1a: Heatran|Leftovers|[from] move: Knock Off|[of] p2a: Cockery\n|\n|upkeep\n|turn|12\n|\n|t:|1790877397\n|switch|p2a: Zor|Tyranitar, F|100/100\n|-weather|Sandstorm|[from] ability: Sand Stream|[of] p2a: Zor\n|move|p1a: Heatran|Magma Storm|p2a: Zor\n|-resisted|p2a: Zor\n|-damage|p2a: Zor|87/100\n|-activate|p2a: Zor|move: Magma Storm|[of] p1a: Heatran\n|\n|-weather|Sandstorm|[upkeep]\n|-damage|p2a: Zor|74/100|[from] move: Magma Storm|[partiallytrapped]\n|upkeep\n|turn|13\n|\n|t:|1790877411\n|switch|p1a: Gastrodon|Gastrodon-East, M|100/100\n|move|p2a: Zor|Stone Edge|p1a: Gastrodon\n|-resisted|p1a: Gastrodon\n|-damage|p1a: Gastrodon|55/100\n|\n|-weather|Sandstorm|[upkeep]\n|-end|p2a: Zor|Magma Storm|[partiallytrapped]|[silent]\n|upkeep\n|turn|14\n|\n|t:|1790877415\n|move|p2a: Zor|Stone Edge|p1a: Gastrodon\n|-resisted|p1a: Gastrodon\n|-crit|p1a: Gastrodon\n|-damage|p1a: Gastrodon|0 fnt\n|faint|p1a: Gastrodon\n|\n|-weather|Sandstorm|[upkeep]\n|upkeep\n|\n|t:|1790877424\n|switch|p1a: Clefable|Clefable, F|100/100\n|turn|15\n|\n|t:|1790877429\n|move|p2a: Zor|Stone Edge|p1a: Clefable\n|-crit|p1a: Clefable\n|-damage|p1a: Clefable|0 fnt\n|faint|p1a: Clefable\n|\n|-weather|Sandstorm|[upkeep]\n|upkeep\n|\n|t:|1790877436\n|switch|p1a: Skarmory|Skarmory, M|77/100 brn\n|turn|16\n|\n|t:|1790877442\n|switch|p2a: Opme|Dragapult, F|100/100\n|move|p1a: Skarmory|Roost|p1a: Skarmory\n|-heal|p1a: Skarmory|100/100 brn\n|-singleturn|p1a: Skarmory|move: Roost\n|\n|-weather|none\n|-damage|p1a: Skarmory|95/100 brn|[from] brn\n|upkeep\n|turn|17\n|\n|t:|1790877445\n|switch|p1a: Heatran|Heatran, F|85/100\n|move|p2a: Opme|Shadow Ball|p1a: Heatran\n|-damage|p1a: Heatran|50/100\n|\n|upkeep\n|turn|18\n|\n|t:|1790877449\n|move|p2a: Opme|Shadow Ball|p1a: Heatran\n|-damage|p1a: Heatran|13/100\n|move|p1a: Heatran|Magma Storm|p2a: Opme\n|-resisted|p2a: Opme\n|-damage|p2a: Opme|71/100\n|-activate|p2a: Opme|move: Magma Storm|[of] p1a: Heatran\n|\n|-damage|p2a: Opme|59/100|[from] move: Magma Storm|[partiallytrapped]\n|upkeep\n|turn|19\n|\n|t:|1790877453\n|move|p2a: Opme|Shadow Ball|p1a: Heatran\n|-crit|p1a: Heatran\n|-damage|p1a: Heatran|0 fnt\n|faint|p1a: Heatran\n|\n|-end|p2a: Opme|Magma Storm|[partiallytrapped]|[silent]\n|upkeep\n|\n|t:|1790877454\n|switch|p1a: Tapu Koko|Tapu Koko|100/100\n|-fieldstart|move: Electric Terrain|[from] ability: Electric Surge|[of] p1a: Tapu Koko\n|turn|20\n|\n|t:|1790877460\n|move|p2a: Opme|Shadow Ball|p1a: Tapu Koko\n|-damage|p1a: Tapu Koko|27/100\n|move|p1a: Tapu Koko|U-turn|p2a: Opme\n|-resisted|p2a: Opme\n|-damage|p2a: Opme|49/100\n|\n|t:|1790877462\n|switch|p1a: Skarmory|Skarmory, M|95/100 brn|[from] U-turn\n|\n|-damage|p1a: Skarmory|89/100 brn|[from] brn\n|upkeep\n|turn|21\n|\n|t:|1790877464\n|move|p2a: Opme|Shadow Ball|p1a: Skarmory\n|-damage|p1a: Skarmory|17/100 brn\n|move|p1a: Skarmory|Spikes|p2a: Opme\n|-sidestart|p2: ROTS 021315|Spikes\n|\n|-damage|p1a: Skarmory|11/100 brn|[from] brn\n|upkeep\n|turn|22\n|\n|t:|1790877466\n|move|p2a: Opme|Shadow Ball|p1a: Skarmory\n|-damage|p1a: Skarmory|0 fnt\n|faint|p1a: Skarmory\n|\n|upkeep\n|\n|t:|1790877469\n|switch|p1a: Dragonite|Dragonite, M|100/100\n|turn|23\n|\n|t:|1790877470\n|move|p2a: Opme|Shadow Ball|p1a: Dragonite\n|-damage|p1a: Dragonite|75/100\n|move|p1a: Dragonite|Dragon Dance|p1a: Dragonite\n|-boost|p1a: Dragonite|atk|1\n|-boost|p1a: Dragonite|spe|1\n|\n|upkeep\n|turn|24\n|\n|t:|1790877478\n|move|p1a: Dragonite|Earthquake|p2a: Opme\n|-damage|p2a: Opme|0 fnt\n|faint|p2a: Opme\n|\n|-fieldend|move: Electric Terrain\n|upkeep\n|\n|t:|1790877484\n|switch|p2a: Cockery|Ferrothorn, M|89/100\n|-damage|p2a: Cockery|77/100|[from] Spikes\n|turn|25\n|\n|t:|1790877495\n|move|p1a: Dragonite|Roost|p1a: Dragonite\n|-heal|p1a: Dragonite|100/100\n|-singleturn|p1a: Dragonite|move: Roost\n|move|p2a: Cockery|Leech Seed|p1a: Dragonite\n|-start|p1a: Dragonite|move: Leech Seed\n|\n|-damage|p1a: Dragonite|88/100|[from] Leech Seed|[of] p2a: Cockery\n|-heal|p2a: Cockery|90/100|[silent]\n|upkeep\n|turn|26\n|\n|t:|1790877501\n|switch|p1a: Tapu Koko|Tapu Koko|27/100\n|-fieldstart|move: Electric Terrain|[from] ability: Electric Surge|[of] p1a: Tapu Koko\n|switch|p2a: Fly High|Zapdos|100/100\n|\n|upkeep\n|turn|27\n|\n|t:|1790877505\n|move|p1a: Tapu Koko|Toxic|p2a: Fly High\n|-status|p2a: Fly High|tox\n|move|p2a: Fly High|Volt Switch|p1a: Tapu Koko\n|-resisted|p1a: Tapu Koko\n|-damage|p1a: Tapu Koko|7/100\n|\n|t:|1790877508\n|switch|p2a: Asuna|Tapu Lele|100/100|[from] Volt Switch\n|-damage|p2a: Asuna|88/100|[from] Spikes\n|-fieldstart|move: Psychic Terrain|[from] ability: Psychic Surge|[of] p2a: Asuna\n|\n|upkeep\n|turn|28\n|\n|t:|1790877512\n|move|p2a: Asuna|Moonblast|p1a: Tapu Koko\n|-damage|p1a: Tapu Koko|0 fnt\n|faint|p1a: Tapu Koko\n|\n|upkeep\n|\n|t:|1790877513\n|switch|p1a: Dragonite|Dragonite, M|88/100\n|turn|29\n|\n|t:|1790877515\n|move|p2a: Asuna|Moonblast|p1a: Dragonite\n|-supereffective|p1a: Dragonite\n|-damage|p1a: Dragonite|0 fnt\n|faint|p1a: Dragonite\n|\n|win|ROTS 021315\n|c|\u2606ROTS 021315|Gf\n|c|\u2606cripwalk on sunday|sure\n|c|\u2606ROTS 021315|Good fight\n|c|\u2606cripwalk on sunday|sure\n", "uploadtime": 1790877515, "views": "62", "formatid": "gen8ou", "rating": null, "private": 0, "password": null}