{"id": "smogtours-gen8ou-974857", "format": "[Gen 8] OU", "players": ["KD Burner Account", "piablos"], "log": "|inactive|Battle timer is ON: inactive players will automatically lose when time's up.\n|t:|1790520982\n|gametype|singles\n|player|p1|KD Burner Account|265|\n|player|p2|piablos|266|\n|gen|8\n|tier|[Gen 8] OU\n|rule|HP Percentage Mod: HP is shown in percentages\n|rule|Endless Battle Clause: Forcing endless battles is banned\n|rule|Sleep Clause Mod: Limit one foe put to sleep\n|rule|Species Clause: Limit one of each Pok\u00e9mon\n|rule|OHKO Clause: OHKO moves are banned\n|rule|Evasion Items Clause: Evasion items are banned\n|rule|Evasion Moves Clause: Evasion moves are banned\n|rule|Dynamax Clause: You cannot dynamax\n|clearpoke\n|poke|p1|Aegislash, F|\n|poke|p1|Tyranitar, F|\n|poke|p1|Zarude|\n|poke|p1|Clefable, M|\n|poke|p1|Rotom-Heat|\n|poke|p1|Ferrothorn, M|\n|poke|p2|Clefable, F|\n|poke|p2|Rillaboom, F|\n|poke|p2|Suicune|\n|poke|p2|Heatran, F|\n|poke|p2|Tornadus-Therian, M|\n|poke|p2|Garchomp, M|\n|teampreview\n|c|\u2606KD Burner Account|hf\n|c|+Ikaishi|Pablito clav\u00f3 un clavito en la calva de un calvito\n|inactive|KD Burner Account has 270 seconds left.\n|inactive|piablos has 270 seconds left.\n|c|\u2606piablos|u2\n|inactive|piablos has 240 seconds left.\n|inactive|KD Burner Account has 240 seconds left.\n|inactive|piablos has 210 seconds left.\n|c|+didss|pobre calvito pq le clavas un clavito a la calva del clavito, pablito?\n|c|+Ikaishi|no sabia que los clavos tenian calva\n|\n|t:|1790521093\n|teamsize|p1|6\n|teamsize|p2|6\n|start\n|switch|p1a: Rotom|Rotom-Heat|100/100\n|switch|p2a: Tornadus|Tornadus-Therian, M|100/100\n|turn|1\n|c|+didss|asi se llama el calvito\n|\n|t:|1790521107\n|move|p2a: Tornadus|Knock Off|p1a: Rotom\n|-damage|p1a: Rotom|78/100\n|-enditem|p1a: Rotom|Heavy-Duty Boots|[from] move: Knock Off|[of] p2a: Tornadus\n|move|p1a: Rotom|Volt Switch|p2a: Tornadus\n|-supereffective|p2a: Tornadus\n|-damage|p2a: Tornadus|49/100\n|\n|t:|1790521121\n|switch|p1a: Clefable|Clefable, M|100/100|[from] Volt Switch\n|\n|upkeep\n|turn|2\n|\n|t:|1790521137\n|move|p2a: Tornadus|U-turn|p1a: Clefable\n|-resisted|p1a: Clefable\n|-damage|p1a: Clefable|95/100\n|inactive|piablos has 240 seconds left.\n|\n|t:|1790521158\n|switch|p2a: Heatran|Heatran, F|100/100|[from] U-turn\n|move|p1a: Clefable|Trick|p2a: Heatran\n|-activate|p1a: Clefable|move: Trick|[of] p2a: Heatran\n|-item|p2a: Heatran|Sticky Barb|[from] move: Trick\n|-item|p1a: Clefable|Leftovers|[from] move: Trick\n|\n|-heal|p1a: Clefable|100/100|[from] item: Leftovers\n|-damage|p2a: Heatran|88/100|[from] item: Sticky Barb\n|upkeep\n|turn|3\n|inactive|piablos has 240 seconds left.\n|c|+Ikaishi|Se acab\u00f3\n|\n|t:|1790521185\n|move|p2a: Heatran|Magma Storm|p1a: Clefable\n|-damage|p1a: Clefable|60/100\n|-activate|p1a: Clefable|move: Magma Storm|[of] p2a: Heatran\n|move|p1a: Clefable|Stealth Rock|p2a: Heatran\n|-sidestart|p2: piablos|move: Stealth Rock\n|\n|-heal|p1a: Clefable|66/100|[from] item: Leftovers\n|-damage|p2a: Heatran|76/100|[from] item: Sticky Barb\n|upkeep\n|turn|4\n|\n|t:|1790521193\n|move|p2a: Heatran|Taunt|p1a: Clefable\n|-start|p1a: Clefable|move: Taunt\n|cant|p1a: Clefable|move: Taunt|Soft-Boiled\n|\n|-heal|p1a: Clefable|72/100|[from] item: Leftovers\n|-damage|p2a: Heatran|63/100|[from] item: Sticky Barb\n|upkeep\n|turn|5\n|c|+Ikaishi|No se acab\u00f3\n|\n|t:|1790521203\n|move|p2a: Heatran|Magma Storm|p1a: Clefable\n|-damage|p1a: Clefable|32/100\n|move|p1a: Clefable|Moonblast|p2a: Heatran\n|-resisted|p2a: Heatran\n|-damage|p2a: Heatran|58/100\n|\n|-heal|p1a: Clefable|38/100|[from] item: Leftovers\n|-damage|p2a: Heatran|46/100|[from] item: Sticky Barb\n|upkeep\n|turn|6\n|c|+didss|que bueno q es pablito\n|\n|t:|1790521213\n|move|p2a: Heatran|Earth Power|p1a: Clefable\n|-damage|p1a: Clefable|13/100\n|move|p1a: Clefable|Moonblast|p2a: Heatran\n|-resisted|p2a: Heatran\n|-damage|p2a: Heatran|41/100\n|\n|-heal|p1a: Clefable|19/100|[from] item: Leftovers\n|-end|p1a: Clefable|move: Taunt\n|-damage|p2a: Heatran|29/100|[from] item: Sticky Barb\n|upkeep\n|turn|7\n|\n|t:|1790521225\n|move|p2a: Heatran|Earth Power|p1a: Clefable\n|-damage|p1a: Clefable|0 fnt\n|faint|p1a: Clefable\n|\n|-damage|p2a: Heatran|16/100|[from] item: Sticky Barb\n|upkeep\n|\n|t:|1790521234\n|switch|p1a: Rotom|Rotom-Heat|78/100\n|turn|8\n|inactive|piablos has 270 seconds left.\n|\n|t:|1790521246\n|switch|p2a: Garchomp|Garchomp, M|100/100\n|-damage|p2a: Garchomp|94/100|[from] Stealth Rock\n|move|p1a: Rotom|Volt Switch|p2a: Garchomp\n|-immune|p2a: Garchomp\n|\n|upkeep\n|turn|9\n|\n|t:|1790521254\n|move|p1a: Rotom|Toxic|p2a: Garchomp\n|-status|p2a: Garchomp|tox\n|move|p2a: Garchomp|Toxic|p1a: Rotom\n|-status|p1a: Rotom|tox\n|\n|-damage|p1a: Rotom|72/100 tox|[from] psn\n|-damage|p2a: Garchomp|88/100 tox|[from] psn\n|upkeep\n|turn|10\n|inactive|piablos has 270 seconds left.\n|\n|t:|1790521271\n|switch|p1a: Ferrothorn|Ferrothorn, M|100/100\n|move|p2a: Garchomp|Stealth Rock|p1a: Ferrothorn\n|-sidestart|p1: KD Burner Account|move: Stealth Rock\n|\n|-damage|p2a: Garchomp|76/100 tox|[from] psn\n|upkeep\n|turn|11\n|\n|t:|1790521280\n|switch|p2a: Heatran|Heatran, F|16/100\n|-damage|p2a: Heatran|4/100|[from] Stealth Rock\n|move|p1a: Ferrothorn|Spikes|p2a: Heatran\n|-sidestart|p2: piablos|Spikes\n|\n|-damage|p2a: Heatran|0 fnt|[from] item: Sticky Barb\n|faint|p2a: Heatran\n|upkeep\n|\n|t:|1790521287\n|switch|p2a: Tornadus|Tornadus-Therian, M|82/100\n|turn|12\n|\n|t:|1790521299\n|switch|p1a: Tyranitar|Tyranitar, F|100/100\n|-weather|Sandstorm|[from] ability: Sand Stream|[of] p1a: Tyranitar\n|move|p2a: Tornadus|Knock Off|p1a: Tyranitar\n|-resisted|p1a: Tyranitar\n|-damage|p1a: Tyranitar|92/100\n|-enditem|p1a: Tyranitar|Heavy-Duty Boots|[from] move: Knock Off|[of] p2a: Tornadus\n|\n|-weather|Sandstorm|[upkeep]\n|-damage|p2a: Tornadus|76/100|[from] Sandstorm\n|upkeep\n|turn|13\n|\n|t:|1790521323\n|switch|p1a: Ferrothorn|Ferrothorn, M|100/100\n|-damage|p1a: Ferrothorn|94/100|[from] Stealth Rock\n|move|p2a: Tornadus|U-turn|p1a: Ferrothorn\n|-damage|p1a: Ferrothorn|86/100\n|-damage|p2a: Tornadus|64/100|[from] ability: Iron Barbs|[of] p1a: Ferrothorn\n|\n|t:|1790521331\n|switch|p2a: Suicune|Suicune|100/100|[from] U-turn\n|-damage|p2a: Suicune|88/100|[from] Stealth Rock\n|-damage|p2a: Suicune|76/100|[from] Spikes\n|-ability|p2a: Suicune|Pressure\n|\n|-weather|Sandstorm|[upkeep]\n|-damage|p2a: Suicune|70/100|[from] Sandstorm\n|-heal|p2a: Suicune|76/100|[from] item: Leftovers\n|-heal|p1a: Ferrothorn|92/100|[from] item: Leftovers\n|upkeep\n|turn|14\n|\n|t:|1790521354\n|move|p2a: Suicune|Substitute|p2a: Suicune\n|-start|p2a: Suicune|Substitute\n|-damage|p2a: Suicune|51/100\n|move|p1a: Ferrothorn|Power Whip|p2a: Suicune|[miss]\n|-miss|p1a: Ferrothorn|p2a: Suicune\n|\n|-weather|Sandstorm|[upkeep]\n|-damage|p2a: Suicune|45/100|[from] Sandstorm\n|-heal|p2a: Suicune|51/100|[from] item: Leftovers\n|-heal|p1a: Ferrothorn|98/100|[from] item: Leftovers\n|upkeep\n|turn|15\n|c|+Ikaishi|Robe Pablo robe\n|inactive|KD Burner Account has 270 seconds left.\n|\n|t:|1790521399\n|move|p2a: Suicune|Protect|p2a: Suicune\n|-singleturn|p2a: Suicune|Protect\n|move|p1a: Ferrothorn|Power Whip|p2a: Suicune\n|-activate|p2a: Suicune|move: Protect\n|\n|-weather|Sandstorm|[upkeep]\n|-damage|p2a: Suicune|45/100|[from] Sandstorm\n|-heal|p2a: Suicune|51/100|[from] item: Leftovers\n|-heal|p1a: Ferrothorn|100/100|[from] item: Leftovers\n|upkeep\n|turn|16\n|\n|t:|1790521405\n|move|p2a: Suicune|Scald|p1a: Ferrothorn\n|-resisted|p1a: Ferrothorn\n|-damage|p1a: Ferrothorn|89/100\n|move|p1a: Ferrothorn|Power Whip|p2a: Suicune\n|-supereffective|p2a: Suicune\n|-end|p2a: Suicune|Substitute\n|\n|-weather|none\n|-heal|p2a: Suicune|57/100|[from] item: Leftovers\n|-heal|p1a: Ferrothorn|96/100|[from] item: Leftovers\n|upkeep\n|turn|17\n|inactive|KD Burner Account has 270 seconds left.\n|\n|t:|1790521419\n|move|p2a: Suicune|Protect|p2a: Suicune\n|-singleturn|p2a: Suicune|Protect\n|move|p1a: Ferrothorn|Power Whip|p2a: Suicune\n|-activate|p2a: Suicune|move: Protect\n|\n|-heal|p2a: Suicune|63/100|[from] item: Leftovers\n|-heal|p1a: Ferrothorn|100/100|[from] item: Leftovers\n|upkeep\n|turn|18\n|inactive|KD Burner Account has 270 seconds left.\n|\n|t:|1790521426\n|move|p2a: Suicune|Substitute|p2a: Suicune\n|-start|p2a: Suicune|Substitute\n|-damage|p2a: Suicune|38/100\n|move|p1a: Ferrothorn|Power Whip|p2a: Suicune\n|-supereffective|p2a: Suicune\n|-end|p2a: Suicune|Substitute\n|\n|-heal|p2a: Suicune|44/100|[from] item: Leftovers\n|upkeep\n|turn|19\n|\n|t:|1790521438\n|switch|p1a: Zarude|Zarude|100/100\n|-damage|p1a: Zarude|88/100|[from] Stealth Rock\n|move|p2a: Suicune|Protect||[still]\n|-fail|p2a: Suicune\n|\n|-heal|p1a: Zarude|94/100|[from] item: Leftovers\n|-heal|p2a: Suicune|50/100|[from] item: Leftovers\n|upkeep\n|turn|20\n|\n|t:|1790521454\n|switch|p2a: Tornadus|Tornadus-Therian, M|97/100\n|move|p1a: Zarude|Bulk Up|p1a: Zarude\n|-boost|p1a: Zarude|atk|1\n|-boost|p1a: Zarude|def|1\n|\n|-heal|p1a: Zarude|100/100|[from] item: Leftovers\n|upkeep\n|turn|21\n|\n|t:|1790521471\n|switch|p1a: Rotom|Rotom-Heat|72/100 tox\n|-damage|p1a: Rotom|47/100 tox|[from] Stealth Rock\n|move|p2a: Tornadus|Hurricane|p1a: Rotom|[miss]\n|-miss|p2a: Tornadus|p1a: Rotom\n|\n|-damage|p1a: Rotom|41/100 tox|[from] psn\n|upkeep\n|turn|22\n|inactive|piablos has 270 seconds left.\n|c|+didss|no joder\n|inactive|piablos has 240 seconds left.\n|\n|t:|1790521547\n|move|p2a: Tornadus|U-turn|p1a: Rotom\n|-resisted|p1a: Rotom\n|-crit|p1a: Rotom\n|-damage|p1a: Rotom|29/100 tox\n|\n|t:|1790521549\n|switch|p2a: Garchomp|Garchomp, M|76/100 tox|[from] U-turn\n|-damage|p2a: Garchomp|69/100 tox|[from] Stealth Rock\n|-damage|p2a: Garchomp|57/100 tox|[from] Spikes\n|move|p1a: Rotom|Pain Split|p2a: Garchomp\n|-sethp|p2a: Garchomp|39/100 tox|[from] move: Pain Split|[silent]\n|-sethp|p1a: Rotom|53/100 tox|[from] move: Pain Split\n|\n|-damage|p1a: Rotom|41/100 tox|[from] psn\n|-damage|p2a: Garchomp|33/100 tox|[from] psn\n|upkeep\n|turn|23\n|inactive|KD Burner Account has 270 seconds left.\n|\n|t:|1790521577\n|switch|p1a: Ferrothorn|Ferrothorn, M|100/100\n|-damage|p1a: Ferrothorn|94/100|[from] Stealth Rock\n|move|p2a: Garchomp|Rest|p2a: Garchomp\n|-status|p2a: Garchomp|slp|[from] move: Rest\n|-heal|p2a: Garchomp|100/100 slp|[silent]\n|\n|-heal|p1a: Ferrothorn|100/100|[from] item: Leftovers\n|upkeep\n|turn|24\n|inactive|KD Burner Account has 270 seconds left.\n|\n|t:|1790521591\n|switch|p2a: Tornadus|Tornadus-Therian, M|100/100\n|move|p1a: Ferrothorn|Leech Seed|p2a: Tornadus\n|-start|p2a: Tornadus|move: Leech Seed\n|\n|-damage|p2a: Tornadus|88/100|[from] Leech Seed|[of] p1a: Ferrothorn\n|upkeep\n|turn|25\n|inactive|KD Burner Account has 270 seconds left.\n|\n|t:|1790521609\n|move|p2a: Tornadus|Knock Off|p1a: Ferrothorn\n|-damage|p1a: Ferrothorn|89/100\n|-damage|p2a: Tornadus|76/100|[from] ability: Iron Barbs|[of] p1a: Ferrothorn\n|-enditem|p1a: Ferrothorn|Leftovers|[from] move: Knock Off|[of] p2a: Tornadus\n|move|p1a: Ferrothorn|Power Whip|p2a: Tornadus\n|-resisted|p2a: Tornadus\n|-damage|p2a: Tornadus|56/100\n|\n|-damage|p2a: Tornadus|44/100|[from] Leech Seed|[of] p1a: Ferrothorn\n|-heal|p1a: Ferrothorn|100/100|[silent]\n|upkeep\n|turn|26\n|\n|t:|1790521621\n|switch|p2a: Clefable|Clefable, F|100/100\n|move|p1a: Ferrothorn|Spikes|p2a: Clefable\n|-sidestart|p2: piablos|Spikes\n|\n|upkeep\n|turn|27\n|\n|t:|1790521648\n|switch|p1a: Tyranitar|Tyranitar, F|92/100\n|-damage|p1a: Tyranitar|80/100|[from] Stealth Rock\n|-weather|Sandstorm|[from] ability: Sand Stream|[of] p1a: Tyranitar\n|move|p2a: Clefable|Thunder Wave|p1a: Tyranitar|[miss]\n|-miss|p2a: Clefable|p1a: Tyranitar\n|\n|-weather|Sandstorm|[upkeep]\n|upkeep\n|turn|28\n|inactive|piablos has 210 seconds left.\n|\n|t:|1790521667\n|switch|p1a: Aegislash|Aegislash, F|100/100\n|-damage|p1a: Aegislash|94/100|[from] Stealth Rock\n|move|p2a: Clefable|Moonblast|p1a: Aegislash\n|-resisted|p1a: Aegislash\n|-damage|p1a: Aegislash|78/100\n|\n|-weather|Sandstorm|[upkeep]\n|upkeep\n|turn|29\n|inactive|piablos has 210 seconds left.\n|inactive|piablos has 180 seconds left.\n|\n|t:|1790521727\n|switch|p2a: Garchomp|Garchomp, M|100/100 slp\n|-damage|p2a: Garchomp|94/100 slp|[from] Stealth Rock\n|-damage|p2a: Garchomp|78/100 slp|[from] Spikes\n|-formechange|p1a: Aegislash|Aegislash-Blade||[from] ability: Stance Change\n|move|p1a: Aegislash|Flash Cannon|p2a: Garchomp\n|-damage|p2a: Garchomp|18/100 slp\n|\n|-weather|Sandstorm|[upkeep]\n|upkeep\n|turn|30\n|\n|t:|1790521740\n|cant|p2a: Garchomp|slp\n|move|p1a: Aegislash|Flash Cannon|p2a: Garchomp\n|-damage|p2a: Garchomp|0 fnt\n|faint|p2a: Garchomp\n|\n|-weather|Sandstorm|[upkeep]\n|upkeep\n|inactive|piablos has 150 seconds left.\n|inactive|piablos has 120 seconds left.\n|\n|t:|1790521800\n|switch|p2a: Tornadus|Tornadus-Therian, M|77/100\n|turn|31\n|inactive|KD Burner Account has 240 seconds left.\n|inactive|KD Burner Account has 210 seconds left.\n|\n|t:|1790521866\n|switch|p1a: Zarude|Zarude|100/100\n|-damage|p1a: Zarude|88/100|[from] Stealth Rock\n|move|p2a: Tornadus|Knock Off|p1a: Zarude\n|-resisted|p1a: Zarude\n|-damage|p1a: Zarude|78/100\n|-enditem|p1a: Zarude|Leftovers|[from] move: Knock Off|[of] p2a: Tornadus\n|\n|-weather|none\n|upkeep\n|turn|32\n|inactive|KD Burner Account has 180 seconds left.\n|\n|t:|1790521902\n|switch|p1a: Rotom|Rotom-Heat|41/100 tox\n|-damage|p1a: Rotom|16/100 tox|[from] Stealth Rock\n|move|p2a: Tornadus|Defog|p1a: Rotom\n|-unboost|p1a: Rotom|evasion|1\n|-sideend|p1: KD Burner Account|Stealth Rock|[from] move: Defog|[of] p2a: Tornadus\n|-sideend|p2: piablos|Spikes|[from] move: Defog|[of] p2a: Tornadus\n|-sideend|p2: piablos|Stealth Rock|[from] move: Defog|[of] p2a: Tornadus\n|\n|-damage|p1a: Rotom|10/100 tox|[from] psn\n|upkeep\n|turn|33\n|\n|t:|1790521919\n|move|p2a: Tornadus|Hurricane|p1a: Rotom\n|-resisted|p1a: Rotom\n|-damage|p1a: Rotom|0 fnt\n|faint|p1a: Rotom\n|\n|upkeep\n|\n|t:|1790521922\n|switch|p1a: Tyranitar|Tyranitar, F|80/100\n|-weather|Sandstorm|[from] ability: Sand Stream|[of] p1a: Tyranitar\n|turn|34\n|c|+Ikaishi|Que riskeadota\n|c|\u2606piablos|pero si le he dropeado\n|c|\u2606piablos|evasion\n|\n|t:|1790521940\n|move|p2a: Tornadus|U-turn|p1a: Tyranitar\n|-supereffective|p1a: Tyranitar\n|-damage|p1a: Tyranitar|55/100\n|c|+Ikaishi|Apoco pega 100\n|c|+Ikaishi|No sabia\n|inactive|piablos has 150 seconds left.\n|\n|t:|1790521964\n|switch|p2a: Clefable|Clefable, F|100/100|[from] U-turn\n|move|p1a: Tyranitar|Rock Blast|p2a: Clefable\n|-damage|p2a: Clefable|91/100\n|-damage|p2a: Clefable|81/100\n|-damage|p2a: Clefable|71/100\n|-damage|p2a: Clefable|61/100\n|-hitcount|p2a: Clefable|4\n|\n|-weather|Sandstorm|[upkeep]\n|upkeep\n|turn|35\n|inactive|KD Burner Account has 150 seconds left.\n|inactive|piablos has 120 seconds left.\n|inactive|KD Burner Account has 120 seconds left.\n|\n|t:|1790522029\n|move|p1a: Tyranitar|Heavy Slam|p2a: Clefable\n|-supereffective|p2a: Clefable\n|-damage|p2a: Clefable|0 fnt\n|faint|p2a: Clefable\n|\n|-weather|Sandstorm|[upkeep]\n|-damage|p1a: Tyranitar|43/100|[from] item: Sticky Barb\n|upkeep\n|c|+Ikaishi|Cine\n|\n|t:|1790522049\n|switch|p2a: Suicune|Suicune|50/100\n|-ability|p2a: Suicune|Pressure\n|turn|36\n|\n|t:|1790522060\n|switch|p1a: Zarude|Zarude|78/100\n|move|p2a: Suicune|Protect||[still]\n|-fail|p2a: Suicune\n|\n|-weather|Sandstorm|[upkeep]\n|-damage|p1a: Zarude|72/100|[from] Sandstorm\n|-damage|p2a: Suicune|44/100|[from] Sandstorm\n|-heal|p2a: Suicune|50/100|[from] item: Leftovers\n|upkeep\n|turn|37\n|\n|t:|1790522070\n|switch|p2a: Tornadus|Tornadus-Therian, M|100/100\n|move|p1a: Zarude|Crunch|p2a: Tornadus\n|-damage|p2a: Tornadus|61/100\n|\n|-weather|Sandstorm|[upkeep]\n|-damage|p2a: Tornadus|55/100|[from] Sandstorm\n|-damage|p1a: Zarude|66/100|[from] Sandstorm\n|upkeep\n|turn|38\n|inactive|KD Burner Account has 120 seconds left.\n|inactive|KD Burner Account has 90 seconds left.\n|\n|t:|1790522148\n|switch|p1a: Aegislash|Aegislash, F|78/100\n|move|p2a: Tornadus|U-turn|p1a: Aegislash\n|-resisted|p1a: Aegislash\n|-damage|p1a: Aegislash|75/100\n|\n|t:|1790522153\n|switch|p2a: Suicune|Suicune|50/100|[from] U-turn\n|-ability|p2a: Suicune|Pressure\n|\n|-weather|none\n|-heal|p2a: Suicune|57/100|[from] item: Leftovers\n|upkeep\n|turn|39\n|inactive|piablos has 120 seconds left.\n|\n|t:|1790522161\n|switch|p1a: Zarude|Zarude|66/100\n|move|p2a: Suicune|Substitute|p2a: Suicune\n|-start|p2a: Suicune|Substitute\n|-damage|p2a: Suicune|32/100\n|\n|-heal|p2a: Suicune|38/100|[from] item: Leftovers\n|upkeep\n|turn|40\n|\n|t:|1790522175\n|move|p1a: Zarude|Bulk Up|p1a: Zarude\n|-boost|p1a: Zarude|atk|1\n|-boost|p1a: Zarude|def|1\n|move|p2a: Suicune|Scald|p1a: Zarude\n|-resisted|p1a: Zarude\n|-damage|p1a: Zarude|54/100\n|\n|-heal|p2a: Suicune|44/100|[from] item: Leftovers\n|upkeep\n|turn|41\n|c|+Ikaishi|Carajo\n|\n|t:|1790522192\n|move|p1a: Zarude|Crunch|p2a: Suicune\n|-end|p2a: Suicune|Substitute\n|move|p2a: Suicune|Scald|p1a: Zarude\n|-resisted|p1a: Zarude\n|-damage|p1a: Zarude|41/100\n|-status|p1a: Zarude|brn\n|\n|-heal|p2a: Suicune|50/100|[from] item: Leftovers\n|-damage|p1a: Zarude|35/100 brn|[from] brn\n|upkeep\n|turn|42\n|\n|t:|1790522202\n|switch|p2a: Tornadus|Tornadus-Therian, M|88/100\n|move|p1a: Zarude|Jungle Healing|p1a: Zarude\n|-heal|p1a: Zarude|60/100 brn\n|-curestatus|p1a: Zarude|brn|[msg]\n|\n|upkeep\n|turn|43\n|inactive|KD Burner Account has 60 seconds left.\n|\n|t:|1790522256\n|switch|p1a: Aegislash|Aegislash, F|75/100\n|move|p2a: Tornadus|Hurricane|p1a: Aegislash\n|-resisted|p1a: Aegislash\n|-damage|p1a: Aegislash|55/100\n|-start|p1a: Aegislash|confusion\n|\n|upkeep\n|turn|44\n|inactive|piablos has 150 seconds left.\n|\n|t:|1790522271\n|switch|p1a: Ferrothorn|Ferrothorn, M|100/100\n|move|p2a: Tornadus|Knock Off|p1a: Ferrothorn\n|-damage|p1a: Ferrothorn|92/100\n|-damage|p2a: Tornadus|76/100|[from] ability: Iron Barbs|[of] p1a: Ferrothorn\n|\n|upkeep\n|turn|45\n|inactive|piablos has 150 seconds left.\n|inactive|KD Burner Account has 30 seconds left.\n|\n|t:|1790522301\n|move|p2a: Tornadus|Hurricane|p1a: Ferrothorn|[miss]\n|-miss|p2a: Tornadus|p1a: Ferrothorn\n|move|p1a: Ferrothorn|Leech Seed|p2a: Tornadus\n|-start|p2a: Tornadus|move: Leech Seed\n|\n|-damage|p2a: Tornadus|63/100|[from] Leech Seed|[of] p1a: Ferrothorn\n|-heal|p1a: Ferrothorn|100/100|[silent]\n|upkeep\n|turn|46\n|inactive|KD Burner Account has 30 seconds left.\n|inactive|piablos has 120 seconds left.\n|\n|t:|1790522341\n|move|p2a: Tornadus|U-turn|p1a: Ferrothorn\n|-damage|p1a: Ferrothorn|92/100\n|-damage|p2a: Tornadus|51/100|[from] ability: Iron Barbs|[of] p1a: Ferrothorn\n|\n|t:|1790522343\n|switch|p2a: Suicune|Suicune|50/100|[from] U-turn\n|-ability|p2a: Suicune|Pressure\n|move|p1a: Ferrothorn|Body Press|p2a: Suicune\n|-damage|p2a: Suicune|29/100\n|\n|-heal|p2a: Suicune|35/100|[from] item: Leftovers\n|upkeep\n|turn|47\n|\n|t:|1790522367\n|switch|p1a: Zarude|Zarude|60/100\n|move|p2a: Suicune|Scald|p1a: Zarude\n|-resisted|p1a: Zarude\n|-damage|p1a: Zarude|46/100\n|\n|-heal|p2a: Suicune|41/100|[from] item: Leftovers\n|upkeep\n|turn|48\n|inactive|KD Burner Account has 30 seconds left.\n|\n|t:|1790522385\n|switch|p2a: Tornadus|Tornadus-Therian, M|84/100\n|move|p1a: Zarude|Crunch|p2a: Tornadus\n|-damage|p2a: Tornadus|45/100\n|\n|upkeep\n|turn|49\n|inactive|KD Burner Account has 30 seconds left.\n|\n|t:|1790522397\n|switch|p1a: Ferrothorn|Ferrothorn, M|92/100\n|move|p2a: Tornadus|U-turn|p1a: Ferrothorn\n|-damage|p1a: Ferrothorn|84/100\n|-damage|p2a: Tornadus|32/100|[from] ability: Iron Barbs|[of] p1a: Ferrothorn\n|\n|t:|1790522399\n|switch|p2a: Rillaboom|Rillaboom, F|100/100|[from] U-turn\n|-fieldstart|move: Grassy Terrain|[from] ability: Grassy Surge|[of] p2a: Rillaboom\n|\n|-heal|p1a: Ferrothorn|90/100|[from] Grassy Terrain\n|upkeep\n|turn|50\n|\n|t:|1790522407\n|move|p2a: Rillaboom|Swords Dance|p2a: Rillaboom\n|-boost|p2a: Rillaboom|atk|2\n|move|p1a: Ferrothorn|Body Press|p2a: Rillaboom\n|-damage|p2a: Rillaboom|70/100\n|\n|-heal|p2a: Rillaboom|76/100|[from] Grassy Terrain\n|-heal|p2a: Rillaboom|83/100|[from] item: Leftovers\n|-heal|p1a: Ferrothorn|96/100|[from] Grassy Terrain\n|upkeep\n|turn|51\n|inactive|piablos has 120 seconds left.\n|\n|t:|1790522421\n|move|p2a: Rillaboom|Swords Dance|p2a: Rillaboom\n|-boost|p2a: Rillaboom|atk|2\n|move|p1a: Ferrothorn|Body Press|p2a: Rillaboom\n|-damage|p2a: Rillaboom|55/100\n|\n|-heal|p2a: Rillaboom|61/100|[from] Grassy Terrain\n|-heal|p2a: Rillaboom|67/100|[from] item: Leftovers\n|-heal|p1a: Ferrothorn|100/100|[from] Grassy Terrain\n|upkeep\n|turn|52\n|\n|t:|1790522432\n|switch|p1a: Tyranitar|Tyranitar, F|43/100\n|-weather|Sandstorm|[from] ability: Sand Stream|[of] p1a: Tyranitar\n|move|p2a: Rillaboom|Superpower|p1a: Tyranitar\n|-supereffective|p1a: Tyranitar\n|-damage|p1a: Tyranitar|0 fnt\n|-unboost|p2a: Rillaboom|atk|1\n|-unboost|p2a: Rillaboom|def|1\n|faint|p1a: Tyranitar\n|\n|-weather|Sandstorm|[upkeep]\n|-damage|p2a: Rillaboom|61/100|[from] Sandstorm\n|-heal|p2a: Rillaboom|67/100|[from] Grassy Terrain\n|-heal|p2a: Rillaboom|73/100|[from] item: Leftovers\n|upkeep\n|\n|t:|1790522446\n|switch|p1a: Zarude|Zarude|46/100\n|turn|53\n|inactive|piablos has 120 seconds left.\n|\n|t:|1790522479\n|move|p2a: Rillaboom|Grassy Glide|p1a: Zarude\n|-resisted|p1a: Zarude\n|-damage|p1a: Zarude|0 fnt\n|faint|p1a: Zarude\n|\n|-weather|Sandstorm|[upkeep]\n|-damage|p2a: Rillaboom|67/100|[from] Sandstorm\n|-heal|p2a: Rillaboom|73/100|[from] Grassy Terrain\n|-heal|p2a: Rillaboom|80/100|[from] item: Leftovers\n|-fieldend|move: Grassy Terrain\n|upkeep\n|c|+Ikaishi|Gracias Rillaboom\n|\n|t:|1790522490\n|switch|p1a: Aegislash|Aegislash, F|55/100\n|turn|54\n|\n|t:|1790522500\n|-formechange|p1a: Aegislash|Aegislash-Blade||[from] ability: Stance Change\n|move|p1a: Aegislash|Shadow Ball|p2a: Rillaboom\n|-damage|p2a: Rillaboom|0 fnt\n|faint|p2a: Rillaboom\n|\n|-weather|Sandstorm|[upkeep]\n|upkeep\n|c|\u2606piablos|una polla\n|inactive|piablos has 120 seconds left.\n|inactive|piablos has 90 seconds left.\n|\n|t:|1790522542\n|switch|p2a: Suicune|Suicune|41/100\n|-ability|p2a: Suicune|Pressure\n|turn|55\n|inactive|KD Burner Account has 30 seconds left.\n|\n|t:|1790522565\n|move|p2a: Suicune|Scald|p1a: Aegislash\n|-damage|p1a: Aegislash|0 fnt\n|faint|p1a: Aegislash\n|\n|-weather|Sandstorm|[upkeep]\n|-damage|p2a: Suicune|35/100|[from] Sandstorm\n|-heal|p2a: Suicune|41/100|[from] item: Leftovers\n|upkeep\n|\n|t:|1790522567\n|switch|p1a: Ferrothorn|Ferrothorn, M|100/100\n|turn|56\n|\n|t:|1790522589\n|move|p2a: Suicune|Protect|p2a: Suicune\n|-singleturn|p2a: Suicune|Protect\n|move|p1a: Ferrothorn|Body Press|p2a: Suicune\n|-activate|p2a: Suicune|move: Protect\n|\n|-weather|none\n|-heal|p2a: Suicune|47/100|[from] item: Leftovers\n|upkeep\n|turn|57\n|\n|t:|1790522595\n|move|p2a: Suicune|Substitute|p2a: Suicune\n|-start|p2a: Suicune|Substitute\n|-damage|p2a: Suicune|22/100\n|move|p1a: Ferrothorn|Power Whip|p2a: Suicune\n|-supereffective|p2a: Suicune\n|-end|p2a: Suicune|Substitute\n|\n|-heal|p2a: Suicune|28/100|[from] item: Leftovers\n|upkeep\n|turn|58\n|\n|t:|1790522612\n|move|p2a: Suicune|Protect|p2a: Suicune\n|-singleturn|p2a: Suicune|Protect\n|move|p1a: Ferrothorn|Power Whip|p2a: Suicune\n|-activate|p2a: Suicune|move: Protect\n|\n|-heal|p2a: Suicune|35/100|[from] item: Leftovers\n|upkeep\n|turn|59\n|\n|t:|1790522624\n|move|p2a: Suicune|Substitute|p2a: Suicune\n|-start|p2a: Suicune|Substitute\n|-damage|p2a: Suicune|10/100\n|move|p1a: Ferrothorn|Power Whip|p2a: Suicune\n|-supereffective|p2a: Suicune\n|-end|p2a: Suicune|Substitute\n|\n|-heal|p2a: Suicune|16/100|[from] item: Leftovers\n|upkeep\n|turn|60\n|\n|t:|1790522636\n|move|p2a: Suicune|Protect|p2a: Suicune\n|-singleturn|p2a: Suicune|Protect\n|move|p1a: Ferrothorn|Leech Seed|p2a: Suicune\n|-activate|p2a: Suicune|move: Protect\n|\n|-heal|p2a: Suicune|22/100|[from] item: Leftovers\n|upkeep\n|turn|61\n|c|+Ikaishi|La hemos tirao\n|inactive|piablos has 90 seconds left.\n|inactive|piablos has 60 seconds left.\n|c|+Ikaishi|En realidad fue muchas veces pero esta doli\u00f3 mas\n|inactive|piablos has 30 seconds left.\n|\n|t:|1790522725\n|switch|p2a: Tornadus|Tornadus-Therian, M|66/100\n|move|p1a: Ferrothorn|Leech Seed|p2a: Tornadus\n|-start|p2a: Tornadus|move: Leech Seed\n|\n|-damage|p2a: Tornadus|53/100|[from] Leech Seed|[of] p1a: Ferrothorn\n|upkeep\n|turn|62\n|inactive|KD Burner Account has 60 seconds left.\n|inactive|piablos has 30 seconds left.\n|inactive|piablos has 20 seconds left.\n|\n|t:|1790522749\n|switch|p2a: Suicune|Suicune|22/100\n|-ability|p2a: Suicune|Pressure\n|move|p1a: Ferrothorn|Body Press|p2a: Suicune\n|-damage|p2a: Suicune|1/100\n|\n|-heal|p2a: Suicune|7/100|[from] item: Leftovers\n|upkeep\n|turn|63\n|inactive|piablos has 30 seconds left this turn.\n|c|+Ikaishi|Yep\n|c|+Ikaishi|Que triste\n|inactive|piablos has 20 seconds left.\n|inactive|piablos has 15 seconds left.\n|\n|t:|1790522767\n|move|p2a: Suicune|Protect|p2a: Suicune\n|-singleturn|p2a: Suicune|Protect\n|move|p1a: Ferrothorn|Leech Seed|p2a: Suicune\n|-activate|p2a: Suicune|move: Protect\n|\n|-heal|p2a: Suicune|13/100|[from] item: Leftovers\n|upkeep\n|turn|64\n|inactive|piablos has 25 seconds left this turn.\n|inactive|piablos has 20 seconds left.\n|c|+Ikaishi|Y creo que esa secuencia tmb estuvo mal\n|inactive|piablos has 15 seconds left.\n|inactive|piablos has 10 seconds left.\n|inactive|piablos has 5 seconds left.\n|\n|t:|1790522788\n|switch|p2a: Tornadus|Tornadus-Therian, M|86/100\n|move|p1a: Ferrothorn|Leech Seed|p2a: Tornadus\n|-start|p2a: Tornadus|move: Leech Seed\n|\n|-damage|p2a: Tornadus|74/100|[from] Leech Seed|[of] p1a: Ferrothorn\n|upkeep\n|turn|65\n|inactive|piablos has 15 seconds left this turn.\n|inactive|KD Burner Account has 60 seconds left.\n|\n|t:|1790522819\n|move|p2a: Tornadus|Defog|p1a: Ferrothorn\n|-unboost|p1a: Ferrothorn|evasion|1\n|move|p1a: Ferrothorn|Body Press|p2a: Tornadus\n|-resisted|p2a: Tornadus\n|-damage|p2a: Tornadus|59/100\n|\n|-damage|p2a: Tornadus|46/100|[from] Leech Seed|[of] p1a: Ferrothorn\n|upkeep\n|turn|66\n|inactive|piablos has 25 seconds left this turn.\n|inactive|piablos has 20 seconds left.\n|\n|t:|1790522831\n|move|p2a: Tornadus|Hurricane|p1a: Ferrothorn\n|-crit|p1a: Ferrothorn\n|-damage|p1a: Ferrothorn|51/100\n|-start|p1a: Ferrothorn|confusion\n|-activate|p1a: Ferrothorn|confusion\n|-damage|p1a: Ferrothorn|45/100|[from] confusion\n|\n|-damage|p2a: Tornadus|34/100|[from] Leech Seed|[of] p1a: Ferrothorn\n|-heal|p1a: Ferrothorn|58/100|[silent]\n|upkeep\n|turn|67\n|inactive|piablos has 30 seconds left this turn.\n|c|+Ikaishi|JAJAJAJAJAJAJAJAJAJ\n|c|+Ikaishi|JAJAJAJAJAJAJAJAJAJAJAJAJAJAJAJAJAJAJ\n|inactive|piablos has 20 seconds left.\n|inactive|KD Burner Account has 30 seconds left.\n|inactive|KD Burner Account has 20 seconds left.\n|c|\u2606KD Burner Account|Pain\n|c|\u2606piablos|mb\n|inactive|KD Burner Account has 15 seconds left.\n|inactive|KD Burner Account has 10 seconds left.\n|\n|t:|1790522876\n|switch|p2a: Suicune|Suicune|13/100\n|-ability|p2a: Suicune|Pressure\n|-activate|p1a: Ferrothorn|confusion\n|move|p1a: Ferrothorn|Leech Seed|p2a: Suicune\n|-start|p2a: Suicune|move: Leech Seed\n|\n|-heal|p2a: Suicune|20/100|[from] item: Leftovers\n|-damage|p2a: Suicune|7/100|[from] Leech Seed|[of] p1a: Ferrothorn\n|-heal|p1a: Ferrothorn|72/100|[silent]\n|upkeep\n|turn|68\n|inactive|KD Burner Account has 20 seconds left this turn.\n|inactive|piablos has 30 seconds left this turn.\n|inactive|KD Burner Account has 15 seconds left.\n|inactive|KD Burner Account has 10 seconds left.\n|inactive|piablos has 20 seconds left.\n|c|+Ikaishi|Pablo no puedes tirar la partida y luego robar para ganar igual\n|inactive|piablos has 15 seconds left.\n|\n|t:|1790522892\n|switch|p2a: Tornadus|Tornadus-Therian, M|67/100\n|-activate|p1a: Ferrothorn|confusion\n|-damage|p1a: Ferrothorn|67/100|[from] confusion\n|\n|upkeep\n|turn|69\n|inactive|KD Burner Account has 20 seconds left this turn.\n|inactive|piablos has 25 seconds left this turn.\n|inactive|KD Burner Account has 15 seconds left.\n|c|+didss|ojito\n|inactive|KD Burner Account has 10 seconds left.\n|\n|t:|1790522905\n|move|p2a: Tornadus|Hurricane|p1a: Ferrothorn\n|-damage|p1a: Ferrothorn|30/100\n|-activate|p1a: Ferrothorn|confusion\n|-damage|p1a: Ferrothorn|25/100|[from] confusion\n|\n|upkeep\n|turn|70\n|inactive|KD Burner Account has 20 seconds left this turn.\n|c|+didss|SJKAKJSAJKSJKASJKAS\n|inactive|KD Burner Account has 15 seconds left.\n|inactive|piablos has 30 seconds left.\n|c|\u2606piablos|yea sorry\n|\n|t:|1790522912\n|move|p2a: Tornadus|Hurricane|p1a: Ferrothorn\n|-damage|p1a: Ferrothorn|0 fnt\n|faint|p1a: Ferrothorn\n|\n|win|piablos\n|c|\u2606KD Burner Account|Welp\n|c|+Ikaishi|Dios\n|c|\u2606KD Burner Account|ggs\n|c|\u2606piablos|not my best game\n|c|+Ikaishi|Que estres\n|c|+didss|y esto para q era\n", "uploadtime": 1790522912, "views": "43", "formatid": "gen8ou", "rating": null, "private": 0, "password": null}