{"id": "smogtours-gen8ou-977203", "format": "[Gen 8] OU", "players": ["longestbanana \u262c", "Entrocefalo"], "log": "|inactive|Battle timer is ON: inactive players will automatically lose when time's up.\n|t:|1791227585\n|gametype|singles\n|player|p1|longestbanana \u262c|#splxviiclassiest|\n|player|p2|Entrocefalo|#orasplvidarkrais|\n|gen|8\n|tier|[Gen 8] OU\n|rule|HP Percentage Mod: HP is shown in percentages\n|rule|Endless Battle Clause: Forcing endless battles is banned\n|rule|Sleep Clause Mod: Limit one foe put to sleep\n|rule|Species Clause: Limit one of each Pok\u00e9mon\n|rule|OHKO Clause: OHKO moves are banned\n|rule|Evasion Items Clause: Evasion items are banned\n|rule|Evasion Moves Clause: Evasion moves are banned\n|rule|Dynamax Clause: You cannot dynamax\n|clearpoke\n|poke|p1|Torkoal, M|\n|poke|p1|Heatran, M|\n|poke|p1|Venusaur, F|\n|poke|p1|Garchomp, M|\n|poke|p1|Moltres-Galar|\n|poke|p1|Cloyster, F|\n|poke|p2|Kartana|\n|poke|p2|Hippowdon, F|\n|poke|p2|Corviknight, M|\n|poke|p2|Dragapult, F|\n|poke|p2|Slowbro, M|\n|poke|p2|Clefable, F|\n|teampreview\n|c|\u2606longestbanana \u262c|hf\n|c|\u2606Entrocefalo|hf\n|inactive|longestbanana \u262c has 270 seconds left.\n|inactive|Entrocefalo has 270 seconds left.\n|inactive|Entrocefalo has 240 seconds left.\n|inactive|longestbanana \u262c has 240 seconds left.\n|\n|t:|1791227670\n|teamsize|p1|6\n|teamsize|p2|6\n|start\n|switch|p1a: Heatran|Heatran, M|100/100\n|switch|p2a: Slowbro|Slowbro, M|100/100\n|-item|p1a: Heatran|Air Balloon\n|turn|1\n|\n|t:|1791227681\n|switch|p1a: Moltres|Moltres-Galar|100/100\n|move|p2a: Slowbro|Thunder Wave|p1a: Moltres|[miss]\n|-miss|p2a: Slowbro|p1a: Moltres\n|\n|upkeep\n|turn|2\n|\n|t:|1791227691\n|move|p1a: Moltres|Nasty Plot|p1a: Moltres\n|-boost|p1a: Moltres|spa|2\n|move|p2a: Slowbro|Thunder Wave|p1a: Moltres\n|-status|p1a: Moltres|par\n|\n|upkeep\n|turn|3\n|\n|t:|1791227708\n|switch|p2a: Clefable|Clefable, F|100/100\n|move|p1a: Moltres|Agility|p1a: Moltres\n|-boost|p1a: Moltres|spe|2\n|\n|upkeep\n|turn|4\n|\n|t:|1791227715\n|move|p1a: Moltres|Air Slash|p2a: Clefable\n|-damage|p2a: Clefable|33/100\n|move|p2a: Clefable|Moonblast|p1a: Moltres\n|-supereffective|p1a: Moltres\n|-damage|p1a: Moltres|47/100 par\n|-unboost|p1a: Moltres|spa|1\n|-ability|p1a: Moltres|Berserk|boost\n|-boost|p1a: Moltres|spa|1\n|\n|-heal|p2a: Clefable|40/100|[from] item: Leftovers\n|upkeep\n|turn|5\n|\n|t:|1791227727\n|move|p1a: Moltres|Air Slash|p2a: Clefable\n|-damage|p2a: Clefable|0 fnt\n|faint|p2a: Clefable\n|\n|upkeep\n|\n|t:|1791227733\n|switch|p2a: Dragapult|Dragapult, F|100/100\n|turn|6\n|\n|t:|1791227753\n|move|p2a: Dragapult|Draco Meteor|p1a: Moltres\n|-damage|p1a: Moltres|0 fnt\n|-unboost|p2a: Dragapult|spa|2\n|faint|p1a: Moltres\n|\n|upkeep\n|\n|t:|1791227757\n|switch|p1a: Torkoal|Torkoal, M|100/100\n|-weather|SunnyDay|[from] ability: Drought|[of] p1a: Torkoal\n|turn|7\n|\n|t:|1791227772\n|move|p2a: Dragapult|Draco Meteor|p1a: Torkoal\n|-damage|p1a: Torkoal|40/100\n|-unboost|p2a: Dragapult|spa|2\n|move|p1a: Torkoal|Toxic|p2a: Dragapult\n|-status|p2a: Dragapult|tox\n|\n|-weather|SunnyDay|[upkeep]\n|-damage|p2a: Dragapult|95/100 tox|[from] psn\n|upkeep\n|turn|8\n|\n|t:|1791227782\n|switch|p2a: Hippowdon|Hippowdon, F|100/100\n|-weather|Sandstorm|[from] ability: Sand Stream|[of] p2a: Hippowdon\n|switch|p1a: Heatran|Heatran, M|100/100\n|-item|p1a: Heatran|Air Balloon\n|\n|-weather|Sandstorm|[upkeep]\n|upkeep\n|turn|9\n|\n|t:|1791227810\n|switch|p1a: Torkoal|Torkoal, M|40/100\n|-weather|SunnyDay|[from] ability: Drought|[of] p1a: Torkoal\n|switch|p2a: Kartana|Kartana|100/100\n|\n|-weather|SunnyDay|[upkeep]\n|upkeep\n|turn|10\n|\n|t:|1791227823\n|switch|p2a: Hippowdon|Hippowdon, F|100/100\n|-weather|Sandstorm|[from] ability: Sand Stream|[of] p2a: Hippowdon\n|switch|p1a: Cloyster|Cloyster, F|100/100\n|\n|-weather|Sandstorm|[upkeep]\n|-damage|p1a: Cloyster|94/100|[from] Sandstorm\n|upkeep\n|turn|11\n|\n|t:|1791227832\n|switch|p2a: Slowbro|Slowbro, M|100/100\n|move|p1a: Cloyster|Shell Smash|p1a: Cloyster\n|-unboost|p1a: Cloyster|def|1\n|-unboost|p1a: Cloyster|spd|1\n|-boost|p1a: Cloyster|atk|2\n|-boost|p1a: Cloyster|spa|2\n|-boost|p1a: Cloyster|spe|2\n|\n|-weather|Sandstorm|[upkeep]\n|-damage|p1a: Cloyster|88/100|[from] Sandstorm\n|-damage|p2a: Slowbro|94/100|[from] Sandstorm\n|upkeep\n|turn|12\n|\n|t:|1791227845\n|move|p1a: Cloyster|Rock Blast|p2a: Slowbro\n|-damage|p2a: Slowbro|85/100\n|-damage|p2a: Slowbro|77/100\n|-damage|p2a: Slowbro|68/100\n|-damage|p2a: Slowbro|58/100\n|-damage|p2a: Slowbro|48/100\n|-hitcount|p2a: Slowbro|5\n|move|p2a: Slowbro|Thunder Wave|p1a: Cloyster\n|-status|p1a: Cloyster|par\n|\n|-weather|Sandstorm|[upkeep]\n|-damage|p1a: Cloyster|82/100 par|[from] Sandstorm\n|-damage|p2a: Slowbro|42/100|[from] Sandstorm\n|upkeep\n|turn|13\n|\n|t:|1791227860\n|switch|p2a: Kartana|Kartana|100/100\n|move|p1a: Cloyster|Icicle Spear|p2a: Kartana\n|-damage|p2a: Kartana|78/100\n|-damage|p2a: Kartana|57/100\n|-damage|p2a: Kartana|34/100\n|-damage|p2a: Kartana|12/100\n|-crit|p2a: Kartana\n|-damage|p2a: Kartana|0 fnt\n|faint|p2a: Kartana\n|-hitcount|p2: Kartana|5\n|\n|-weather|Sandstorm|[upkeep]\n|-damage|p1a: Cloyster|76/100 par|[from] Sandstorm\n|upkeep\n|\n|t:|1791227864\n|switch|p2a: Dragapult|Dragapult, F|95/100 tox\n|turn|14\n|\n|t:|1791227872\n|move|p2a: Dragapult|Shadow Ball|p1a: Cloyster\n|-damage|p1a: Cloyster|0 fnt\n|faint|p1a: Cloyster\n|\n|-weather|none\n|-damage|p2a: Dragapult|89/100 tox|[from] psn\n|upkeep\n|\n|t:|1791227875\n|switch|p1a: Garchomp|Garchomp, M|100/100\n|turn|15\n|\n|t:|1791227888\n|switch|p2a: Hippowdon|Hippowdon, F|100/100\n|-weather|Sandstorm|[from] ability: Sand Stream|[of] p2a: Hippowdon\n|move|p1a: Garchomp|Scale Shot|p2a: Hippowdon\n|-damage|p2a: Hippowdon|91/100\n|-damage|p2a: Hippowdon|81/100\n|-hitcount|p2a: Hippowdon|2\n|-unboost|p1a: Garchomp|def|1\n|-boost|p1a: Garchomp|spe|1\n|-enditem|p1a: Garchomp|Eject Pack\n|\n|t:|1791227896\n|switch|p1a: Venusaur|Venusaur, F|100/100\n|\n|-weather|Sandstorm|[upkeep]\n|-damage|p1a: Venusaur|95/100|[from] Sandstorm\n|-heal|p2a: Hippowdon|87/100|[from] item: Leftovers\n|upkeep\n|turn|16\n|\n|t:|1791227906\n|move|p1a: Venusaur|Sleep Powder|p2a: Hippowdon|[miss]\n|-miss|p1a: Venusaur|p2a: Hippowdon\n|move|p2a: Hippowdon|Earthquake|p1a: Venusaur\n|-damage|p1a: Venusaur|41/100\n|\n|-weather|Sandstorm|[upkeep]\n|-damage|p1a: Venusaur|35/100|[from] Sandstorm\n|-heal|p2a: Hippowdon|93/100|[from] item: Leftovers\n|upkeep\n|turn|17\n|\n|t:|1791227920\n|switch|p2a: Corviknight|Corviknight, M|100/100\n|-ability|p2a: Corviknight|Pressure\n|move|p1a: Venusaur|Sleep Powder|p2a: Corviknight\n|-status|p2a: Corviknight|slp|[from] move: Sleep Powder\n|\n|-weather|Sandstorm|[upkeep]\n|-damage|p1a: Venusaur|29/100|[from] Sandstorm\n|upkeep\n|turn|18\n|inactive|Entrocefalo has 270 seconds left.\n|\n|t:|1791227953\n|switch|p1a: Torkoal|Torkoal, M|40/100\n|-weather|SunnyDay|[from] ability: Drought|[of] p1a: Torkoal\n|switch|p2a: Dragapult|Dragapult, F|89/100 tox\n|\n|-weather|SunnyDay|[upkeep]\n|-damage|p2a: Dragapult|83/100 tox|[from] psn\n|upkeep\n|turn|19\n|inactive|Entrocefalo has 270 seconds left.\n|\n|t:|1791227970\n|switch|p1a: Heatran|Heatran, M|100/100\n|-item|p1a: Heatran|Air Balloon\n|move|p2a: Dragapult|Shadow Ball|p1a: Heatran\n|-damage|p1a: Heatran|57/100\n|-enditem|p1a: Heatran|Air Balloon\n|\n|-weather|SunnyDay|[upkeep]\n|-damage|p2a: Dragapult|71/100 tox|[from] psn\n|upkeep\n|turn|20\n|inactive|Entrocefalo has 270 seconds left.\n|inactive|longestbanana \u262c has 270 seconds left.\n|inactive|Entrocefalo has 240 seconds left.\n|\n|t:|1791228009\n|switch|p2a: Hippowdon|Hippowdon, F|93/100\n|-weather|Sandstorm|[from] ability: Sand Stream|[of] p2a: Hippowdon\n|move|p1a: Heatran|Magma Storm|p2a: Hippowdon\n|-damage|p2a: Hippowdon|60/100\n|-activate|p2a: Hippowdon|move: Magma Storm|[of] p1a: Heatran\n|\n|-weather|Sandstorm|[upkeep]\n|-heal|p2a: Hippowdon|66/100|[from] item: Leftovers\n|-damage|p2a: Hippowdon|54/100|[from] move: Magma Storm|[partiallytrapped]\n|upkeep\n|turn|21\n|inactive|longestbanana \u262c has 270 seconds left.\n|inactive|Entrocefalo has 240 seconds left.\n|\n|t:|1791228027\n|move|p1a: Heatran|Steel Beam|p2a: Hippowdon\n|-crit|p2a: Hippowdon\n|-damage|p2a: Hippowdon|0 fnt\n|faint|p2a: Hippowdon\n|-damage|p1a: Heatran|7/100|[from] steelbeam\n|\n|-weather|Sandstorm|[upkeep]\n|upkeep\n|inactive|Entrocefalo has 240 seconds left.\n|\n|t:|1791228033\n|switch|p2a: Dragapult|Dragapult, F|71/100 tox\n|turn|22\n|inactive|longestbanana \u262c has 270 seconds left.\n|\n|t:|1791228047\n|switch|p1a: Torkoal|Torkoal, M|40/100\n|-weather|SunnyDay|[from] ability: Drought|[of] p1a: Torkoal\n|move|p2a: Dragapult|Shadow Ball|p1a: Torkoal\n|-damage|p1a: Torkoal|0 fnt\n|faint|p1a: Torkoal\n|\n|-weather|SunnyDay|[upkeep]\n|-damage|p2a: Dragapult|65/100 tox|[from] psn\n|upkeep\n|\n|t:|1791228049\n|switch|p1a: Venusaur|Venusaur, F|29/100\n|turn|23\n|\n|t:|1791228057\n|switch|p1a: Heatran|Heatran, M|7/100\n|move|p2a: Dragapult|Shadow Ball|p1a: Heatran\n|-damage|p1a: Heatran|0 fnt\n|faint|p1a: Heatran\n|\n|-weather|SunnyDay|[upkeep]\n|-damage|p2a: Dragapult|53/100 tox|[from] psn\n|upkeep\n|\n|t:|1791228059\n|switch|p1a: Garchomp|Garchomp, M|100/100\n|turn|24\n|inactive|longestbanana \u262c has 270 seconds left.\n|inactive|Entrocefalo has 240 seconds left.\n|\n|t:|1791228096\n|move|p2a: Dragapult|Shadow Ball|p1a: Garchomp\n|-damage|p1a: Garchomp|40/100\n|move|p1a: Garchomp|Scale Shot|p2a: Dragapult\n|-supereffective|p2a: Dragapult\n|-damage|p2a: Dragapult|12/100 tox\n|-supereffective|p2a: Dragapult\n|-crit|p2a: Dragapult\n|-damage|p2a: Dragapult|0 fnt\n|faint|p2a: Dragapult\n|-hitcount|p2: Dragapult|2\n|-unboost|p1a: Garchomp|def|1\n|-boost|p1a: Garchomp|spe|1\n|\n|-weather|SunnyDay|[upkeep]\n|upkeep\n|\n|t:|1791228112\n|switch|p2a: Slowbro|Slowbro, M|75/100\n|turn|25\n|inactive|longestbanana \u262c has 270 seconds left.\n|\n|t:|1791228136\n|move|p1a: Garchomp|Swords Dance|p1a: Garchomp\n|-boost|p1a: Garchomp|atk|2\n|move|p2a: Slowbro|Scald|p1a: Garchomp\n|-damage|p1a: Garchomp|25/100\n|\n|-weather|SunnyDay|[upkeep]\n|upkeep\n|turn|26\n|inactive|longestbanana \u262c has 270 seconds left.\n|\n|t:|1791228148\n|switch|p2a: Corviknight|Corviknight, M|100/100 slp\n|-ability|p2a: Corviknight|Pressure\n|move|p1a: Garchomp|Scale Shot|p2a: Corviknight\n|-resisted|p2a: Corviknight\n|-damage|p2a: Corviknight|92/100 slp\n|-resisted|p2a: Corviknight\n|-damage|p2a: Corviknight|85/100 slp\n|-resisted|p2a: Corviknight\n|-damage|p2a: Corviknight|77/100 slp\n|-resisted|p2a: Corviknight\n|-damage|p2a: Corviknight|68/100 slp\n|-resisted|p2a: Corviknight\n|-damage|p2a: Corviknight|61/100 slp\n|-hitcount|p2a: Corviknight|5\n|-unboost|p1a: Garchomp|def|1\n|-boost|p1a: Garchomp|spe|1\n|\n|-weather|SunnyDay|[upkeep]\n|upkeep\n|turn|27\n|inactive|longestbanana \u262c has 270 seconds left.\n|\n|t:|1791228159\n|switch|p2a: Slowbro|Slowbro, M|100/100\n|move|p1a: Garchomp|Swords Dance|p1a: Garchomp\n|-boost|p1a: Garchomp|atk|2\n|\n|-weather|SunnyDay|[upkeep]\n|upkeep\n|turn|28\n|\n|t:|1791228167\n|move|p1a: Garchomp|Scale Shot|p2a: Slowbro\n|-damage|p2a: Slowbro|72/100\n|-damage|p2a: Slowbro|45/100\n|-damage|p2a: Slowbro|17/100\n|-damage|p2a: Slowbro|0 fnt\n|faint|p2a: Slowbro\n|-hitcount|p2: Slowbro|4\n|-unboost|p1a: Garchomp|def|1\n|-boost|p1a: Garchomp|spe|1\n|\n|-weather|SunnyDay|[upkeep]\n|upkeep\n|\n|t:|1791228173\n|switch|p2a: Corviknight|Corviknight, M|61/100 slp\n|-ability|p2a: Corviknight|Pressure\n|turn|29\n|\n|t:|1791228175\n|move|p1a: Garchomp|Fire Fang|p2a: Corviknight\n|-supereffective|p2a: Corviknight\n|-damage|p2a: Corviknight|0 fnt\n|-damage|p1a: Garchomp|8/100|[from] item: Rocky Helmet|[of] p2a: Corviknight\n|faint|p2a: Corviknight\n|\n|win|longestbanana \u262c\n|c|\u2606longestbanana \u262c|ggs\n|c|\u2606Entrocefalo|ggs\n", "uploadtime": 1791228175, "views": "118", "formatid": "gen8ou", "rating": null, "private": 0, "password": null}