{"id": "smogtours-gen8ou-976808", "format": "[Gen 8] OU", "players": ["Naniwaa Tiger", "Wolf14"], "log": "|inactive|Battle timer is ON: inactive players will automatically lose when time's up.\n|t:|1791137855\n|gametype|singles\n|player|p1|Naniwaa Tiger|wally|\n|player|p2|Wolf14|barry|\n|gen|8\n|tier|[Gen 8] OU\n|rule|HP Percentage Mod: HP is shown in percentages\n|rule|Endless Battle Clause: Forcing endless battles is banned\n|rule|Sleep Clause Mod: Limit one foe put to sleep\n|rule|Species Clause: Limit one of each Pok\u00e9mon\n|rule|OHKO Clause: OHKO moves are banned\n|rule|Evasion Items Clause: Evasion items are banned\n|rule|Evasion Moves Clause: Evasion moves are banned\n|rule|Dynamax Clause: You cannot dynamax\n|clearpoke\n|poke|p1|Nidoking, M|\n|poke|p1|Rillaboom, M|\n|poke|p1|Slowbro, F|\n|poke|p1|Tornadus-Therian, M|\n|poke|p1|Heatran, M|\n|poke|p1|Corviknight, M|\n|poke|p2|Volcanion|\n|poke|p2|Zapdos|\n|poke|p2|Landorus-Therian, M|\n|poke|p2|Ferrothorn, M|\n|poke|p2|Bisharp, M|\n|poke|p2|Dragapult, F|\n|teampreview\n|c|\u2606Naniwaa Tiger|hf\n|c|\u2606Wolf14|gl&hf ^^\n|inactive|Naniwaa Tiger has 270 seconds left.\n|inactive|Wolf14 has 270 seconds left.\n|inactive|Naniwaa Tiger has 240 seconds left.\n|inactive|Wolf14 has 240 seconds left.\n|\n|t:|1791137928\n|teamsize|p1|6\n|teamsize|p2|6\n|start\n|switch|p1a: Nidoking|Nidoking, M, shiny|100/100\n|switch|p2a: Zapdos|Zapdos|100/100\n|turn|1\n|\n|t:|1791137945\n|move|p2a: Zapdos|Hurricane|p1a: Nidoking|[miss]\n|-miss|p2a: Zapdos|p1a: Nidoking\n|move|p1a: Nidoking|Ice Beam|p2a: Zapdos\n|-supereffective|p2a: Zapdos\n|-damage|p2a: Zapdos|14/100\n|\n|upkeep\n|turn|2\n|inactive|Naniwaa Tiger has 270 seconds left.\n|inactive|Naniwaa Tiger has 240 seconds left.\n|\n|t:|1791138014\n|move|p2a: Zapdos|Hurricane|p1a: Nidoking\n|-damage|p1a: Nidoking|0 fnt\n|faint|p1a: Nidoking\n|\n|upkeep\n|\n|t:|1791138038\n|switch|p1a: Heatran|Heatran, M|100/100\n|turn|3\n|\n|t:|1791138063\n|switch|p2a: Volcanion|Volcanion|100/100\n|move|p1a: Heatran|Stealth Rock|p2a: Volcanion\n|-sidestart|p2: Wolf14|move: Stealth Rock\n|\n|upkeep\n|turn|4\n|inactive|Wolf14 has 270 seconds left.\n|\n|t:|1791138080\n|switch|p1a: Slowbro|Slowbro, F|100/100\n|move|p2a: Volcanion|Steam Eruption|p1a: Slowbro\n|-resisted|p1a: Slowbro\n|-damage|p1a: Slowbro|65/100\n|\n|upkeep\n|turn|5\n|inactive|Wolf14 has 270 seconds left.\n|\n|t:|1791138096\n|move|p2a: Volcanion|Steam Eruption|p1a: Slowbro\n|-resisted|p1a: Slowbro\n|-damage|p1a: Slowbro|30/100\n|move|p1a: Slowbro|Teleport|p1a: Slowbro\n|\n|t:|1791138100\n|switch|p1a: Tornadus|Tornadus-Therian, M|100/100|[from] Teleport\n|\n|upkeep\n|turn|6\n|inactive|Wolf14 has 270 seconds left.\n|\n|t:|1791138128\n|switch|p2a: Landorus|Landorus-Therian, M|100/100\n|-damage|p2a: Landorus|88/100|[from] Stealth Rock\n|-ability|p2a: Landorus|Intimidate|boost\n|-unboost|p1a: Tornadus|atk|1\n|move|p1a: Tornadus|Knock Off|p2a: Landorus\n|-damage|p2a: Landorus|73/100\n|-enditem|p2a: Landorus|Leftovers|[from] move: Knock Off|[of] p1a: Tornadus\n|\n|upkeep\n|turn|7\n|\n|t:|1791138141\n|move|p1a: Tornadus|U-turn|p2a: Landorus\n|-resisted|p2a: Landorus\n|-damage|p2a: Landorus|68/100\n|\n|t:|1791138153\n|switch|p1a: Slowbro|Slowbro, F|63/100|[from] U-turn\n|move|p2a: Landorus|Defog|p1a: Slowbro\n|-unboost|p1a: Slowbro|evasion|1\n|-sideend|p2: Wolf14|Stealth Rock|[from] move: Defog|[of] p2a: Landorus\n|\n|upkeep\n|turn|8\n|inactive|Wolf14 has 240 seconds left.\n|\n|t:|1791138211\n|move|p2a: Landorus|U-turn|p1a: Slowbro\n|-supereffective|p1a: Slowbro\n|-damage|p1a: Slowbro|33/100\n|-damage|p2a: Landorus|52/100|[from] item: Rocky Helmet|[of] p1a: Slowbro\n|inactive|Wolf14 has 210 seconds left.\n|\n|t:|1791138224\n|switch|p2a: Volcanion|Volcanion|100/100|[from] U-turn\n|move|p1a: Slowbro|Teleport|p1a: Slowbro\n|inactive|Naniwaa Tiger has 240 seconds left.\n|\n|t:|1791138246\n|switch|p1a: Rillaboom|Rillaboom, M|100/100|[from] Teleport\n|-fieldstart|move: Grassy Terrain|[from] ability: Grassy Surge|[of] p1a: Rillaboom\n|\n|upkeep\n|turn|9\n|inactive|Wolf14 has 210 seconds left.\n|inactive|Wolf14 has 180 seconds left.\n|\n|t:|1791138292\n|switch|p2a: Ferrothorn|Ferrothorn, M|100/100\n|move|p1a: Rillaboom|U-turn|p2a: Ferrothorn\n|-crit|p2a: Ferrothorn\n|-damage|p2a: Ferrothorn|66/100\n|-damage|p1a: Rillaboom|88/100|[from] ability: Iron Barbs|[of] p2a: Ferrothorn\n|\n|t:|1791138295\n|switch|p1a: Heatran|Heatran, M|100/100|[from] U-turn\n|\n|-heal|p2a: Ferrothorn|73/100|[from] Grassy Terrain\n|-heal|p2a: Ferrothorn|79/100|[from] item: Leftovers\n|upkeep\n|turn|10\n|inactive|Wolf14 has 180 seconds left.\n|\n|t:|1791138323\n|switch|p2a: Volcanion|Volcanion|100/100\n|move|p1a: Heatran|Stealth Rock|p2a: Volcanion\n|-sidestart|p2: Wolf14|move: Stealth Rock\n|\n|upkeep\n|turn|11\n|inactive|Naniwaa Tiger has 270 seconds left.\n|\n|t:|1791138340\n|switch|p1a: Slowbro|Slowbro, F|66/100\n|move|p2a: Volcanion|Steam Eruption|p1a: Slowbro\n|-resisted|p1a: Slowbro\n|-damage|p1a: Slowbro|30/100\n|\n|-heal|p1a: Slowbro|37/100|[from] Grassy Terrain\n|upkeep\n|turn|12\n|inactive|Naniwaa Tiger has 240 seconds left.\n|\n|t:|1791138381\n|move|p2a: Volcanion|Steam Eruption|p1a: Slowbro\n|-resisted|p1a: Slowbro\n|-damage|p1a: Slowbro|3/100\n|move|p1a: Slowbro|Teleport|p1a: Slowbro\n|\n|t:|1791138384\n|switch|p1a: Rillaboom|Rillaboom, M|88/100|[from] Teleport\n|\n|-heal|p1a: Rillaboom|94/100|[from] Grassy Terrain\n|-fieldend|move: Grassy Terrain\n|upkeep\n|turn|13\n|inactive|Naniwaa Tiger has 240 seconds left.\n|inactive|Wolf14 has 180 seconds left.\n|\n|t:|1791138416\n|switch|p2a: Bisharp|Bisharp, M|100/100\n|-damage|p2a: Bisharp|95/100|[from] Stealth Rock\n|move|p1a: Rillaboom|Superpower|p2a: Bisharp\n|-supereffective|p2a: Bisharp\n|-damage|p2a: Bisharp|0 fnt\n|-unboost|p1a: Rillaboom|atk|1\n|-unboost|p1a: Rillaboom|def|1\n|faint|p2a: Bisharp\n|\n|upkeep\n|inactive|Wolf14 has 150 seconds left.\n|\n|t:|1791138437\n|switch|p2a: Landorus|Landorus-Therian, M|52/100\n|-damage|p2a: Landorus|39/100|[from] Stealth Rock\n|-ability|p2a: Landorus|Intimidate|boost\n|-unboost|p1a: Rillaboom|atk|1\n|turn|14\n|\n|t:|1791138444\n|switch|p1a: Slowbro|Slowbro, F|36/100\n|move|p2a: Landorus|Defog|p1a: Slowbro\n|-unboost|p1a: Slowbro|evasion|1\n|-sideend|p2: Wolf14|Stealth Rock|[from] move: Defog|[of] p2a: Landorus\n|\n|upkeep\n|turn|15\n|inactive|Wolf14 has 150 seconds left.\n|inactive|Naniwaa Tiger has 210 seconds left.\n|\n|t:|1791138481\n|move|p2a: Landorus|U-turn|p1a: Slowbro\n|-supereffective|p1a: Slowbro\n|-damage|p1a: Slowbro|4/100\n|-damage|p2a: Landorus|23/100|[from] item: Rocky Helmet|[of] p1a: Slowbro\n|\n|t:|1791138506\n|switch|p2a: Dragapult|Dragapult, F|100/100|[from] U-turn\n|move|p1a: Slowbro|Teleport|p1a: Slowbro\n|\n|t:|1791138524\n|switch|p1a: Heatran|Heatran, M|100/100|[from] Teleport\n|\n|upkeep\n|turn|16\n|\n|t:|1791138533\n|switch|p2a: Landorus|Landorus-Therian, M|23/100\n|-ability|p2a: Landorus|Intimidate|boost\n|-unboost|p1a: Heatran|atk|1\n|move|p1a: Heatran|Stealth Rock|p2a: Landorus\n|-sidestart|p2: Wolf14|move: Stealth Rock\n|\n|upkeep\n|turn|17\n|inactive|Naniwaa Tiger has 210 seconds left.\n|\n|t:|1791138542\n|move|p2a: Landorus|Earthquake|p1a: Heatran\n|-supereffective|p1a: Heatran\n|-damage|p1a: Heatran|0 fnt\n|faint|p1a: Heatran\n|\n|upkeep\n|inactive|Naniwaa Tiger has 210 seconds left.\n|\n|t:|1791138549\n|switch|p1a: Rillaboom|Rillaboom, M|94/100\n|-fieldstart|move: Grassy Terrain|[from] ability: Grassy Surge|[of] p1a: Rillaboom\n|turn|18\n|\n|t:|1791138558\n|switch|p2a: Ferrothorn|Ferrothorn, M|79/100\n|-damage|p2a: Ferrothorn|73/100|[from] Stealth Rock\n|move|p1a: Rillaboom|Superpower|p2a: Ferrothorn\n|-supereffective|p2a: Ferrothorn\n|-damage|p2a: Ferrothorn|0 fnt\n|-unboost|p1a: Rillaboom|atk|1\n|-unboost|p1a: Rillaboom|def|1\n|-damage|p1a: Rillaboom|82/100|[from] ability: Iron Barbs|[of] p2a: Ferrothorn\n|faint|p2a: Ferrothorn\n|\n|-heal|p1a: Rillaboom|88/100|[from] Grassy Terrain\n|upkeep\n|inactive|Wolf14 has 150 seconds left.\n|inactive|Wolf14 has 120 seconds left.\n|\n|t:|1791138607\n|switch|p2a: Volcanion|Volcanion|100/100\n|-damage|p2a: Volcanion|76/100|[from] Stealth Rock\n|turn|19\n|inactive|Wolf14 has 120 seconds left.\n|\n|t:|1791138620\n|switch|p1a: Slowbro|Slowbro, F|37/100\n|move|p2a: Volcanion|Flamethrower|p1a: Slowbro\n|-resisted|p1a: Slowbro\n|-damage|p1a: Slowbro|8/100\n|-status|p1a: Slowbro|brn\n|\n|-heal|p2a: Volcanion|82/100|[from] Grassy Terrain\n|-heal|p1a: Slowbro|14/100 brn|[from] Grassy Terrain\n|-damage|p1a: Slowbro|8/100 brn|[from] brn\n|upkeep\n|turn|20\n|\n|t:|1791138624\n|move|p2a: Volcanion|Flamethrower|p1a: Slowbro\n|-resisted|p1a: Slowbro\n|-damage|p1a: Slowbro|0 fnt\n|faint|p1a: Slowbro\n|\n|-heal|p2a: Volcanion|88/100|[from] Grassy Terrain\n|upkeep\n|\n|t:|1791138626\n|switch|p1a: Rillaboom|Rillaboom, M|88/100\n|turn|21\n|inactive|Wolf14 has 120 seconds left.\n|\n|t:|1791138660\n|switch|p2a: Zapdos|Zapdos|14/100\n|-damage|p2a: Zapdos|0 fnt|[from] Stealth Rock\n|faint|p2a: Zapdos\n|move|p1a: Rillaboom|Wood Hammer|p2: Zapdos|[notarget]\n|-fail|p1a: Rillaboom\n|\n|-heal|p1a: Rillaboom|94/100|[from] Grassy Terrain\n|upkeep\n|\n|t:|1791138674\n|switch|p2a: Dragapult|Dragapult, F|100/100\n|-damage|p2a: Dragapult|88/100|[from] Stealth Rock\n|turn|22\n|\n|t:|1791138689\n|switch|p1a: Tornadus|Tornadus-Therian, M|100/100\n|move|p2a: Dragapult|U-turn|p1a: Tornadus\n|-resisted|p1a: Tornadus\n|-damage|p1a: Tornadus|84/100\n|\n|t:|1791138695\n|switch|p2a: Volcanion|Volcanion|88/100|[from] U-turn\n|-damage|p2a: Volcanion|63/100|[from] Stealth Rock\n|\n|-heal|p2a: Volcanion|69/100|[from] Grassy Terrain\n|-fieldend|move: Grassy Terrain\n|upkeep\n|turn|23\n|inactive|Naniwaa Tiger has 270 seconds left.\n|inactive|Wolf14 has 90 seconds left.\n|inactive|Naniwaa Tiger has 240 seconds left.\n|inactive|Naniwaa Tiger has 210 seconds left.\n|\n|t:|1791138781\n|move|p1a: Tornadus|Knock Off|p2a: Volcanion\n|-damage|p2a: Volcanion|47/100\n|-enditem|p2a: Volcanion|Choice Specs|[from] move: Knock Off|[of] p1a: Tornadus\n|move|p2a: Volcanion|Flamethrower|p1a: Tornadus\n|-damage|p1a: Tornadus|54/100\n|\n|upkeep\n|turn|24\n|inactive|Wolf14 has 60 seconds left.\n|\n|t:|1791138821\n|move|p1a: Tornadus|Superpower|p2a: Volcanion\n|-damage|p2a: Volcanion|18/100\n|-unboost|p1a: Tornadus|atk|1\n|-unboost|p1a: Tornadus|def|1\n|move|p2a: Volcanion|Steam Eruption|p1a: Tornadus\n|-damage|p1a: Tornadus|13/100\n|\n|upkeep\n|turn|25\n|inactive|Wolf14 has 30 seconds left.\n|\n|t:|1791138847\n|switch|p2a: Dragapult|Dragapult, F|88/100\n|-damage|p2a: Dragapult|76/100|[from] Stealth Rock\n|move|p1a: Tornadus|Superpower|p2a: Dragapult\n|-immune|p2a: Dragapult\n|\n|upkeep\n|turn|26\n|inactive|Naniwaa Tiger has 210 seconds left.\n|inactive|Wolf14 has 30 seconds left.\n|\n|t:|1791138864\n|switch|p1a: Corviknight|Corviknight, M|100/100\n|-ability|p1a: Corviknight|Pressure\n|move|p2a: Dragapult|Dragon Darts|p1a: Corviknight\n|-resisted|p1a: Corviknight\n|-damage|p1a: Corviknight|89/100\n|-anim|p2a: Dragapult|Dragon Darts|p1a: Corviknight\n|-resisted|p1a: Corviknight\n|-damage|p1a: Corviknight|78/100\n|\n|upkeep\n|turn|27\n|inactive|Wolf14 has 30 seconds left.\n|\n|t:|1791138872\n|switch|p2a: Landorus|Landorus-Therian, M|23/100\n|-damage|p2a: Landorus|10/100|[from] Stealth Rock\n|-ability|p2a: Landorus|Intimidate|boost\n|-unboost|p1a: Corviknight|atk|1\n|move|p1a: Corviknight|U-turn|p2a: Landorus\n|-resisted|p2a: Landorus\n|-damage|p2a: Landorus|6/100\n|\n|t:|1791138878\n|switch|p1a: Rillaboom|Rillaboom, M|94/100|[from] U-turn\n|-fieldstart|move: Grassy Terrain|[from] ability: Grassy Surge|[of] p1a: Rillaboom\n|\n|-heal|p1a: Rillaboom|100/100|[from] Grassy Terrain\n|upkeep\n|turn|28\n|\n|t:|1791138891\n|move|p1a: Rillaboom|Grassy Glide|p2a: Landorus\n|-crit|p2a: Landorus\n|-damage|p2a: Landorus|0 fnt\n|faint|p2a: Landorus\n|\n|upkeep\n|\n|t:|1791138894\n|switch|p2a: Dragapult|Dragapult, F|76/100\n|-damage|p2a: Dragapult|64/100|[from] Stealth Rock\n|turn|29\n|\n|t:|1791138897\n|move|p1a: Rillaboom|Grassy Glide|p2a: Dragapult\n|-resisted|p2a: Dragapult\n|-damage|p2a: Dragapult|12/100\n|move|p2a: Dragapult|Dragon Darts|p1a: Rillaboom\n|-damage|p1a: Rillaboom|58/100\n|-anim|p2a: Dragapult|Dragon Darts|p1a: Rillaboom\n|-damage|p1a: Rillaboom|21/100\n|\n|-heal|p2a: Dragapult|18/100|[from] Grassy Terrain\n|-heal|p1a: Rillaboom|27/100|[from] Grassy Terrain\n|upkeep\n|turn|30\n|c|\u2606Naniwaa Tiger|cane miss was awful\n|c|\u2606Naniwaa Tiger|mb\n|c|\u2606Naniwaa Tiger|gg\n|\n|t:|1791138912\n|move|p1a: Rillaboom|Grassy Glide|p2a: Dragapult\n|-resisted|p2a: Dragapult\n|-damage|p2a: Dragapult|0 fnt\n|faint|p2a: Dragapult\n|\n|-heal|p1a: Rillaboom|33/100|[from] Grassy Terrain\n|upkeep\n|c|\u2606Wolf14|gg\n|\n|t:|1791138915\n|switch|p2a: Volcanion|Volcanion|18/100\n|-damage|p2a: Volcanion|0 fnt|[from] Stealth Rock\n|faint|p2a: Volcanion\n|\n|win|Naniwaa Tiger\n", "uploadtime": 1791138915, "views": "38", "formatid": "gen8ou", "rating": null, "private": 0, "password": null}