{"id": "smogtours-gen8ou-975246", "format": "[Gen 8] OU", "players": ["Aries Dragon", "lctrem"], "log": "|inactive|Battle timer is ON: inactive players will automatically lose when time's up.\n|t:|1790544199\n|gametype|singles\n|player|p1|Aries Dragon|265|\n|player|p2|lctrem|ghetsis|\n|gen|8\n|tier|[Gen 8] OU\n|rule|HP Percentage Mod: HP is shown in percentages\n|rule|Endless Battle Clause: Forcing endless battles is banned\n|rule|Sleep Clause Mod: Limit one foe put to sleep\n|rule|Species Clause: Limit one of each Pok\u00e9mon\n|rule|OHKO Clause: OHKO moves are banned\n|rule|Evasion Items Clause: Evasion items are banned\n|rule|Evasion Moves Clause: Evasion moves are banned\n|rule|Dynamax Clause: You cannot dynamax\n|clearpoke\n|poke|p1|Zapdos|\n|poke|p1|Weavile, M|\n|poke|p1|Kartana|\n|poke|p1|Landorus-Therian, M|\n|poke|p1|Volcanion|\n|poke|p1|Melmetal|\n|poke|p2|Ninetales-Alola, F|\n|poke|p2|Garchomp, M|\n|poke|p2|Moltres-Galar|\n|poke|p2|Blacephalon|\n|poke|p2|Kartana|\n|poke|p2|Volcarona, F|\n|teampreview\n|c|\u2606Aries Dragon|hf\n|c|\u2606lctrem|hf\n|\n|t:|1790544208\n|teamsize|p1|6\n|teamsize|p2|6\n|start\n|switch|p1a: Kartana|Kartana|100/100\n|switch|p2a: Garchomp|Garchomp, M|100/100\n|turn|1\n|\n|t:|1790544230\n|switch|p1a: Landorus|Landorus-Therian, M|100/100\n|-ability|p1a: Landorus|Intimidate|boost\n|-unboost|p2a: Garchomp|atk|1\n|move|p2a: Garchomp|Fire Fang|p1a: Landorus\n|-damage|p1a: Landorus|78/100\n|-damage|p2a: Garchomp|91/100|[from] item: Life Orb\n|\n|-heal|p1a: Landorus|85/100|[from] item: Leftovers\n|upkeep\n|turn|2\n|\n|t:|1790544237\n|switch|p2a: Ninetales|Ninetales-Alola, F|100/100\n|-weather|Hail|[from] ability: Snow Warning|[of] p2a: Ninetales\n|move|p1a: Landorus|U-turn|p2a: Ninetales\n|-resisted|p2a: Ninetales\n|-damage|p2a: Ninetales|87/100\n|\n|t:|1790544240\n|switch|p1a: Kartana|Kartana|100/100|[from] U-turn\n|\n|-weather|Hail|[upkeep]\n|-damage|p1a: Kartana|94/100|[from] Hail\n|upkeep\n|turn|3\n|\n|t:|1790544243\n|switch|p2a: Volcarona|Volcarona, F|100/100\n|move|p1a: Kartana|Smart Strike|p2a: Volcarona\n|-resisted|p2a: Volcarona\n|-damage|p2a: Volcarona|67/100\n|-status|p1a: Kartana|brn|[from] ability: Flame Body|[of] p2a: Volcarona\n|\n|-weather|Hail|[upkeep]\n|-damage|p1a: Kartana|88/100 brn|[from] Hail\n|-damage|p2a: Volcarona|61/100|[from] Hail\n|-damage|p1a: Kartana|82/100 brn|[from] brn\n|upkeep\n|turn|4\n|\n|t:|1790544248\n|switch|p1a: Zapdos|Zapdos|100/100\n|move|p2a: Volcarona|Roost|p2a: Volcarona\n|-heal|p2a: Volcarona|100/100\n|-singleturn|p2a: Volcarona|move: Roost\n|\n|-weather|Hail|[upkeep]\n|-damage|p2a: Volcarona|94/100|[from] Hail\n|-damage|p1a: Zapdos|94/100|[from] Hail\n|upkeep\n|turn|5\n|\n|t:|1790544251\n|switch|p2a: Ninetales|Ninetales-Alola, F|87/100\n|move|p1a: Zapdos|Hurricane|p2a: Ninetales\n|-damage|p2a: Ninetales|30/100\n|\n|-weather|Hail|[upkeep]\n|-damage|p1a: Zapdos|88/100|[from] Hail\n|upkeep\n|turn|6\n|\n|t:|1790544256\n|move|p2a: Ninetales|Aurora Veil|p2a: Ninetales\n|-sidestart|p2: lctrem|move: Aurora Veil\n|move|p1a: Zapdos|Volt Switch|p2a: Ninetales\n|-damage|p2a: Ninetales|13/100\n|\n|t:|1790544259\n|switch|p1a: Kartana|Kartana|82/100 brn|[from] Volt Switch\n|\n|-weather|none\n|-damage|p1a: Kartana|76/100 brn|[from] brn\n|upkeep\n|turn|7\n|\n|t:|1790544265\n|switch|p2a: Volcarona|Volcarona, F|94/100\n|move|p1a: Kartana|Smart Strike|p2a: Volcarona\n|-resisted|p2a: Volcarona\n|-damage|p2a: Volcarona|86/100\n|\n|-damage|p1a: Kartana|70/100 brn|[from] brn\n|upkeep\n|turn|8\n|\n|t:|1790544271\n|switch|p1a: Landorus|Landorus-Therian, M|85/100\n|-ability|p1a: Landorus|Intimidate|boost\n|-unboost|p2a: Volcarona|atk|1\n|move|p2a: Volcarona|Quiver Dance|p2a: Volcarona\n|-boost|p2a: Volcarona|spa|1\n|-boost|p2a: Volcarona|spd|1\n|-boost|p2a: Volcarona|spe|1\n|\n|-heal|p1a: Landorus|91/100|[from] item: Leftovers\n|upkeep\n|turn|9\n|\n|t:|1790544275\n|move|p2a: Volcarona|Quiver Dance|p2a: Volcarona\n|-boost|p2a: Volcarona|spa|1\n|-boost|p2a: Volcarona|spd|1\n|-boost|p2a: Volcarona|spe|1\n|move|p1a: Landorus|Earthquake|p2a: Volcarona\n|-damage|p2a: Volcarona|47/100\n|\n|-heal|p1a: Landorus|97/100|[from] item: Leftovers\n|upkeep\n|turn|10\n|\n|t:|1790544284\n|move|p2a: Volcarona|Roost|p2a: Volcarona\n|-heal|p2a: Volcarona|98/100\n|-singleturn|p2a: Volcarona|move: Roost\n|move|p1a: Landorus|Earthquake|p2a: Volcarona\n|-damage|p2a: Volcarona|59/100\n|\n|-heal|p1a: Landorus|100/100|[from] item: Leftovers\n|upkeep\n|turn|11\n|\n|t:|1790544289\n|move|p2a: Volcarona|Quiver Dance|p2a: Volcarona\n|-boost|p2a: Volcarona|spa|1\n|-boost|p2a: Volcarona|spd|1\n|-boost|p2a: Volcarona|spe|1\n|move|p1a: Landorus|Earthquake|p2a: Volcarona\n|-damage|p2a: Volcarona|22/100\n|\n|upkeep\n|turn|12\n|\n|t:|1790544292\n|move|p2a: Volcarona|Roost|p2a: Volcarona\n|-heal|p2a: Volcarona|72/100\n|-singleturn|p2a: Volcarona|move: Roost\n|move|p1a: Landorus|Earthquake|p2a: Volcarona\n|-damage|p2a: Volcarona|34/100\n|\n|upkeep\n|turn|13\n|\n|t:|1790544298\n|move|p2a: Volcarona|Flamethrower|p1a: Landorus\n|-damage|p1a: Landorus|0 fnt\n|faint|p1a: Landorus\n|\n|-sideend|p2: lctrem|move: Aurora Veil\n|upkeep\n|\n|t:|1790544307\n|switch|p1a: Volcanion|Volcanion|100/100\n|turn|14\n|\n|t:|1790544309\n|move|p2a: Volcarona|Roost|p2a: Volcarona\n|-heal|p2a: Volcarona|84/100\n|-singleturn|p2a: Volcarona|move: Roost\n|move|p1a: Volcanion|Steam Eruption|p2a: Volcarona\n|-supereffective|p2a: Volcarona\n|-damage|p2a: Volcarona|0 fnt\n|faint|p2a: Volcarona\n|\n|upkeep\n|\n|t:|1790544315\n|switch|p2a: Ninetales|Ninetales-Alola, F|13/100\n|-weather|Hail|[from] ability: Snow Warning|[of] p2a: Ninetales\n|turn|15\n|\n|t:|1790544319\n|move|p2a: Ninetales|Aurora Veil|p2a: Ninetales\n|-sidestart|p2: lctrem|move: Aurora Veil\n|move|p1a: Volcanion|Steam Eruption|p2a: Ninetales\n|-damage|p2a: Ninetales|0 fnt\n|faint|p2a: Ninetales\n|\n|-weather|Hail|[upkeep]\n|-damage|p1a: Volcanion|95/100|[from] Hail\n|upkeep\n|\n|t:|1790544326\n|switch|p2a: Garchomp|Garchomp, M|91/100\n|turn|16\n|\n|t:|1790544330\n|switch|p1a: Zapdos|Zapdos|88/100\n|move|p2a: Garchomp|Swords Dance|p2a: Garchomp\n|-boost|p2a: Garchomp|atk|2\n|\n|-weather|Hail|[upkeep]\n|-damage|p2a: Garchomp|85/100|[from] Hail\n|-damage|p1a: Zapdos|82/100|[from] Hail\n|upkeep\n|turn|17\n|\n|t:|1790544335\n|move|p2a: Garchomp|Scale Shot|p1a: Zapdos\n|-damage|p1a: Zapdos|49/100\n|-damage|p1a: Zapdos|11/100\n|-damage|p1a: Zapdos|0 fnt\n|faint|p1a: Zapdos\n|-hitcount|p1: Zapdos|3\n|-unboost|p2a: Garchomp|def|1\n|-boost|p2a: Garchomp|spe|1\n|-damage|p2a: Garchomp|75/100|[from] item: Life Orb\n|\n|-weather|Hail|[upkeep]\n|-damage|p2a: Garchomp|69/100|[from] Hail\n|upkeep\n|\n|t:|1790544343\n|switch|p1a: Weavile|Weavile, M|100/100\n|-ability|p1a: Weavile|Pressure\n|turn|18\n|\n|t:|1790544346\n|move|p1a: Weavile|Ice Shard|p2a: Garchomp\n|-supereffective|p2a: Garchomp\n|-damage|p2a: Garchomp|0 fnt\n|faint|p2a: Garchomp\n|\n|-weather|Hail|[upkeep]\n|upkeep\n|\n|t:|1790544349\n|switch|p2a: Blacephalon|Blacephalon|100/100\n|turn|19\n|\n|t:|1790544370\n|switch|p1a: Kartana|Kartana|70/100 brn\n|move|p2a: Blacephalon|Calm Mind|p2a: Blacephalon\n|-boost|p2a: Blacephalon|spa|1\n|-boost|p2a: Blacephalon|spd|1\n|\n|-weather|none\n|-damage|p1a: Kartana|63/100 brn|[from] brn\n|upkeep\n|turn|20\n|\n|t:|1790544374\n|move|p1a: Kartana|Knock Off|p2a: Blacephalon\n|-supereffective|p2a: Blacephalon\n|-crit|p2a: Blacephalon\n|-damage|p2a: Blacephalon|0 fnt\n|-enditem|p2a: Blacephalon|Heavy-Duty Boots|[from] move: Knock Off|[of] p1a: Kartana\n|faint|p2a: Blacephalon\n|-ability|p1a: Kartana|Beast Boost|boost\n|-boost|p1a: Kartana|atk|1\n|\n|-damage|p1a: Kartana|57/100 brn|[from] brn\n|upkeep\n|\n|t:|1790544379\n|switch|p2a: Kartana|Kartana|100/100\n|turn|21\n|\n|t:|1790544382\n|move|p1a: Kartana|Knock Off|p2a: Kartana\n|-damage|p2a: Kartana|84/100\n|-enditem|p2a: Kartana|Life Orb|[from] move: Knock Off|[of] p1a: Kartana\n|move|p2a: Kartana|Sacred Sword|p1a: Kartana\n|-supereffective|p1a: Kartana\n|-damage|p1a: Kartana|0 fnt\n|faint|p1a: Kartana\n|-ability|p2a: Kartana|Beast Boost|boost\n|-boost|p2a: Kartana|atk|1\n|\n|upkeep\n|\n|t:|1790544392\n|switch|p1a: Volcanion|Volcanion|95/100\n|turn|22\n|\n|t:|1790544395\n|move|p2a: Kartana|Leaf Blade|p1a: Volcanion\n|-damage|p1a: Volcanion|10/100\n|move|p1a: Volcanion|Flamethrower|p2a: Kartana\n|-supereffective|p2a: Kartana\n|-damage|p2a: Kartana|0 fnt\n|faint|p2a: Kartana\n|\n|-sideend|p2: lctrem|move: Aurora Veil\n|upkeep\n|\n|t:|1790544398\n|switch|p2a: Moltres|Moltres-Galar|100/100\n|turn|23\n|\n|t:|1790544400\n|move|p2a: Moltres|Fiery Wrath|p1a: Volcanion\n|-damage|p1a: Volcanion|0 fnt\n|faint|p1a: Volcanion\n|\n|upkeep\n|\n|t:|1790544402\n|switch|p1a: Weavile|Weavile, M|100/100\n|-ability|p1a: Weavile|Pressure\n|turn|24\n|\n|t:|1790544405\n|move|p1a: Weavile|Triple Axel|p2a: Moltres\n|-supereffective|p2a: Moltres\n|-damage|p2a: Moltres|67/100\n|-supereffective|p2a: Moltres\n|-damage|p2a: Moltres|0 fnt\n|faint|p2a: Moltres\n|-hitcount|p2: Moltres|2\n|\n|win|Aries Dragon\n|player|p2|\n|c|\u2606Aries Dragon|gg\n|player|p2|lctrem|ghetsis|\n|c|\u2606lctrem|gg\n", "uploadtime": 1790544405, "views": "37", "formatid": "gen8ou", "rating": null, "private": 0, "password": null}