{"id": "smogtours-gen8ou-975499", "format": "[Gen 8] OU", "players": ["Separation", "damien the genius"], "log": "|inactive|Battle timer is ON: inactive players will automatically lose when time's up.\n|badge|p1|silver|gen9randombattle|30-10\n|uhtml|medal-msg|<div class=\"broadcast-blue\">Curious what those medals under the avatar are? PS now has Ladder Seasons! For more information, check out the <a href=\"https://www.smogon.com/forums/threads/3740067/\">thread on Smogon.</a></div>\n|t:|1790689056\n|gametype|singles\n|player|p1|Separation|#separation|\n|player|p2|damien the genius|#wcop2023oceania|\n|gen|8\n|tier|[Gen 8] OU\n|rule|HP Percentage Mod: HP is shown in percentages\n|rule|Endless Battle Clause: Forcing endless battles is banned\n|rule|Sleep Clause Mod: Limit one foe put to sleep\n|rule|Species Clause: Limit one of each Pok\u00e9mon\n|rule|OHKO Clause: OHKO moves are banned\n|rule|Evasion Items Clause: Evasion items are banned\n|rule|Evasion Moves Clause: Evasion moves are banned\n|rule|Dynamax Clause: You cannot dynamax\n|clearpoke\n|poke|p1|Dragapult, F|\n|poke|p1|Moltres-Galar|\n|poke|p1|Gengar, F|\n|poke|p1|Landorus-Therian, M|\n|poke|p1|Ferrothorn, F|\n|poke|p1|Urshifu-*, M|\n|poke|p2|Magnezone|\n|poke|p2|Tapu Lele|\n|poke|p2|Landorus-Therian, M|\n|poke|p2|Tapu Fini|\n|poke|p2|Melmetal|\n|poke|p2|Tornadus-Therian, M|\n|teampreview\n|c|\u2606damien the genius|hf\n|c|\u2606Separation|hf\n|inactive|Separation has 270 seconds left.\n|inactive|damien the genius has 270 seconds left.\n|inactive|damien the genius has 240 seconds left.\n|inactive|damien the genius has 210 seconds left.\n|inactive|damien the genius has 180 seconds left.\n|\n|t:|1790689181\n|teamsize|p1|6\n|teamsize|p2|6\n|start\n|switch|p1a: Landorus|Landorus-Therian, M|100/100\n|switch|p2a: Landorus|Landorus-Therian, M|100/100\n|-ability|p1a: Landorus|Intimidate|boost\n|-unboost|p2a: Landorus|atk|1\n|-ability|p2a: Landorus|Intimidate|boost\n|-unboost|p1a: Landorus|atk|1\n|turn|1\n|\n|t:|1790689192\n|move|p1a: Landorus|Toxic|p2a: Landorus|[miss]\n|-miss|p1a: Landorus|p2a: Landorus\n|move|p2a: Landorus|Stealth Rock|p1a: Landorus\n|-sidestart|p1: Separation|move: Stealth Rock\n|\n|upkeep\n|turn|2\n|inactive|damien the genius has 240 seconds left.\n|\n|t:|1790689227\n|switch|p2a: Tapu Fini|Tapu Fini|100/100\n|-fieldstart|move: Misty Terrain|[from] ability: Misty Surge|[of] p2a: Tapu Fini\n|move|p1a: Landorus|Toxic|p2a: Tapu Fini\n|-activate|p2a: Tapu Fini|move: Misty Terrain\n|\n|upkeep\n|turn|3\n|\n|t:|1790689236\n|move|p1a: Landorus|Defog|p2a: Tapu Fini\n|-unboost|p2a: Tapu Fini|evasion|1\n|-sideend|p1: Separation|Stealth Rock|[from] move: Defog|[of] p1a: Landorus\n|-fieldend|Misty Terrain\n|move|p2a: Tapu Fini|Scald|p1a: Landorus\n|-supereffective|p1a: Landorus\n|-damage|p1a: Landorus|61/100\n|\n|-heal|p1a: Landorus|67/100|[from] item: Leftovers\n|upkeep\n|turn|4\n|\n|t:|1790689252\n|switch|p2a: Tornadus|Tornadus-Therian, M|100/100\n|move|p1a: Landorus|U-turn|p2a: Tornadus\n|-resisted|p2a: Tornadus\n|-damage|p2a: Tornadus|93/100\n|-enditem|p2a: Tornadus|Eject Button\n|inactive|damien the genius has 210 seconds left.\n|\n|t:|1790689271\n|switch|p2a: Tapu Lele|Tapu Lele|100/100\n|-fieldstart|move: Psychic Terrain|[from] ability: Psychic Surge|[of] p2a: Tapu Lele\n|\n|-heal|p1a: Landorus|73/100|[from] item: Leftovers\n|upkeep\n|turn|5\n|inactive|damien the genius has 210 seconds left.\n|\n|t:|1790689302\n|switch|p1a: Ferrothorn|Ferrothorn, F|100/100\n|move|p2a: Tapu Lele|Psyshock|p1a: Ferrothorn\n|-resisted|p1a: Ferrothorn\n|-damage|p1a: Ferrothorn|71/100\n|\n|-heal|p1a: Ferrothorn|77/100|[from] item: Leftovers\n|upkeep\n|turn|6\n|\n|t:|1790689315\n|switch|p2a: Magnezone|Magnezone|100/100\n|-item|p2a: Magnezone|Air Balloon\n|switch|p1a: Moltres|Moltres-Galar|100/100\n|\n|upkeep\n|turn|7\n|inactive|damien the genius has 180 seconds left.\n|\n|t:|1790689343\n|switch|p2a: Tapu Fini|Tapu Fini|100/100\n|-fieldstart|move: Misty Terrain|[from] ability: Misty Surge|[of] p2a: Tapu Fini\n|move|p1a: Moltres|Fiery Wrath|p2a: Tapu Fini\n|-resisted|p2a: Tapu Fini\n|-damage|p2a: Tapu Fini|82/100\n|\n|-heal|p2a: Tapu Fini|89/100|[from] item: Leftovers\n|upkeep\n|turn|8\n|inactive|damien the genius has 180 seconds left.\n|\n|t:|1790689354\n|move|p1a: Moltres|Nasty Plot|p1a: Moltres\n|-boost|p1a: Moltres|spa|2\n|move|p2a: Tapu Fini|Scald|p1a: Moltres\n|-damage|p1a: Moltres|77/100\n|\n|-heal|p2a: Tapu Fini|95/100|[from] item: Leftovers\n|upkeep\n|turn|9\n|inactive|damien the genius has 180 seconds left.\n|\n|t:|1790689374\n|move|p1a: Moltres|Hurricane|p2a: Tapu Fini|[miss]\n|-miss|p1a: Moltres|p2a: Tapu Fini\n|move|p2a: Tapu Fini|Draining Kiss|p1a: Moltres\n|-supereffective|p1a: Moltres\n|-damage|p1a: Moltres|50/100\n|-heal|p2a: Tapu Fini|100/100|[from] drain|[of] p1a: Moltres\n|-ability|p1a: Moltres|Berserk|boost\n|-boost|p1a: Moltres|spa|1\n|\n|upkeep\n|turn|10\n|inactive|damien the genius has 180 seconds left.\n|inactive|damien the genius has 150 seconds left.\n|inactive|damien the genius has 120 seconds left.\n|\n|t:|1790689442\n|switch|p2a: Melmetal|Melmetal|100/100\n|move|p1a: Moltres|Hurricane|p2a: Melmetal\n|-resisted|p2a: Melmetal\n|-damage|p2a: Melmetal|44/100\n|\n|-heal|p2a: Melmetal|50/100|[from] item: Leftovers\n|upkeep\n|turn|11\n|\n|t:|1790689448\n|move|p1a: Moltres|Fiery Wrath|p2a: Melmetal\n|-damage|p2a: Melmetal|0 fnt\n|faint|p2a: Melmetal\n|\n|-fieldend|Misty Terrain\n|upkeep\n|\n|t:|1790689452\n|switch|p2a: Tapu Lele|Tapu Lele|100/100\n|-fieldstart|move: Psychic Terrain|[from] ability: Psychic Surge|[of] p2a: Tapu Lele\n|turn|12\n|\n|t:|1790689471\n|switch|p1a: Ferrothorn|Ferrothorn, F|77/100\n|move|p2a: Tapu Lele|Moonblast|p1a: Ferrothorn\n|-resisted|p1a: Ferrothorn\n|-damage|p1a: Ferrothorn|46/100\n|-unboost|p1a: Ferrothorn|spa|1\n|\n|-heal|p1a: Ferrothorn|51/100|[from] item: Leftovers\n|upkeep\n|turn|13\n|inactive|damien the genius has 120 seconds left.\n|\n|t:|1790689500\n|switch|p2a: Magnezone|Magnezone|100/100\n|-item|p2a: Magnezone|Air Balloon\n|move|p1a: Ferrothorn|Stealth Rock|p2a: Magnezone\n|-sidestart|p2: damien the genius|move: Stealth Rock\n|\n|-heal|p1a: Ferrothorn|57/100|[from] item: Leftovers\n|upkeep\n|turn|14\n|inactive|damien the genius has 120 seconds left.\n|\n|t:|1790689507\n|move|p2a: Magnezone|Iron Defense|p2a: Magnezone\n|-boost|p2a: Magnezone|def|2\n|move|p1a: Ferrothorn|Leech Seed|p2a: Magnezone|[miss]\n|-miss|p1a: Ferrothorn|p2a: Magnezone\n|\n|-heal|p1a: Ferrothorn|63/100|[from] item: Leftovers\n|upkeep\n|turn|15\n|inactive|damien the genius has 120 seconds left.\n|\n|t:|1790689519\n|move|p2a: Magnezone|Body Press|p1a: Ferrothorn\n|-supereffective|p1a: Ferrothorn\n|-damage|p1a: Ferrothorn|0 fnt\n|-damage|p2a: Magnezone|88/100|[from] ability: Iron Barbs|[of] p1a: Ferrothorn\n|faint|p1a: Ferrothorn\n|\n|upkeep\n|\n|t:|1790689525\n|switch|p1a: Dragapult|Dragapult, F|100/100\n|turn|16\n|inactive|damien the genius has 120 seconds left.\n|\n|t:|1790689558\n|move|p1a: Dragapult|Shadow Ball|p2a: Magnezone\n|-damage|p2a: Magnezone|17/100\n|-enditem|p2a: Magnezone|Air Balloon\n|move|p2a: Magnezone|Thunderbolt|p1a: Dragapult\n|-resisted|p1a: Dragapult\n|-damage|p1a: Dragapult|75/100\n|\n|-fieldend|move: Psychic Terrain\n|upkeep\n|turn|17\n|\n|t:|1790689561\n|move|p1a: Dragapult|Shadow Ball|p2a: Magnezone\n|-damage|p2a: Magnezone|0 fnt\n|faint|p2a: Magnezone\n|\n|upkeep\n|inactive|damien the genius has 90 seconds left.\n|inactive|damien the genius has 60 seconds left.\n|inactive|damien the genius has 30 seconds left.\n|\n|t:|1790689654\n|switch|p2a: Tapu Fini|Tapu Fini|100/100\n|-damage|p2a: Tapu Fini|88/100|[from] Stealth Rock\n|-fieldstart|move: Misty Terrain|[from] ability: Misty Surge|[of] p2a: Tapu Fini\n|turn|18\n|\n|t:|1790689661\n|switch|p1a: Gengar|Gengar, F|100/100\n|move|p2a: Tapu Fini|Calm Mind|p2a: Tapu Fini\n|-boost|p2a: Tapu Fini|spa|1\n|-boost|p2a: Tapu Fini|spd|1\n|\n|-heal|p2a: Tapu Fini|94/100|[from] item: Leftovers\n|upkeep\n|turn|19\n|\n|t:|1790689672\n|switch|p2a: Tornadus|Tornadus-Therian, M|100/100\n|-damage|p2a: Tornadus|76/100|[from] Stealth Rock\n|move|p1a: Gengar|Sludge Bomb|p2a: Tornadus\n|-damage|p2a: Tornadus|26/100\n|\n|upkeep\n|turn|20\n|inactive|damien the genius has 30 seconds left.\n|\n|t:|1790689691\n|switch|p2a: Landorus|Landorus-Therian, M|100/100\n|-damage|p2a: Landorus|88/100|[from] Stealth Rock\n|-ability|p2a: Landorus|Intimidate|boost\n|-unboost|p1a: Gengar|atk|1\n|move|p1a: Gengar|Sludge Bomb|p2a: Landorus\n|-resisted|p2a: Landorus\n|-damage|p2a: Landorus|72/100\n|-status|p2a: Landorus|psn\n|\n|-heal|p2a: Landorus|78/100 psn|[from] item: Leftovers\n|-damage|p2a: Landorus|65/100 psn|[from] psn\n|upkeep\n|turn|21\n|\n|t:|1790689698\n|switch|p1a: Urshifu|Urshifu-Rapid-Strike, M|100/100\n|move|p2a: Landorus|Stealth Rock|p1a: Urshifu\n|-sidestart|p1: Separation|move: Stealth Rock\n|\n|-heal|p2a: Landorus|71/100 psn|[from] item: Leftovers\n|-damage|p2a: Landorus|59/100 psn|[from] psn\n|upkeep\n|turn|22\n|inactive|damien the genius has 30 seconds left.\n|\n|t:|1790689719\n|move|p1a: Urshifu|Surging Strikes|p2a: Landorus\n|-supereffective|p2a: Landorus\n|-crit|p2a: Landorus\n|-damage|p2a: Landorus|15/100 psn\n|-supereffective|p2a: Landorus\n|-crit|p2a: Landorus\n|-damage|p2a: Landorus|0 fnt\n|faint|p2a: Landorus\n|-hitcount|p2: Landorus|2\n|\n|-fieldend|Misty Terrain\n|upkeep\n|inactive|damien the genius has 30 seconds left this turn.\n|\n|t:|1790689721\n|switch|p2a: Tapu Fini|Tapu Fini|94/100\n|-damage|p2a: Tapu Fini|82/100|[from] Stealth Rock\n|-fieldstart|move: Misty Terrain|[from] ability: Misty Surge|[of] p2a: Tapu Fini\n|turn|23\n|inactive|damien the genius has 30 seconds left.\n|inactive|damien the genius has 20 seconds left.\n|\n|t:|1790689745\n|move|p1a: Urshifu|U-turn|p2a: Tapu Fini\n|-resisted|p2a: Tapu Fini\n|-damage|p2a: Tapu Fini|73/100\n|\n|t:|1790689748\n|switch|p1a: Gengar|Gengar, F|100/100|[from] U-turn\n|-damage|p1a: Gengar|88/100|[from] Stealth Rock\n|move|p2a: Tapu Fini|Draining Kiss|p1a: Gengar\n|-resisted|p1a: Gengar\n|-damage|p1a: Gengar|75/100\n|-heal|p2a: Tapu Fini|81/100|[from] drain|[of] p1a: Gengar\n|-start|p2a: Tapu Fini|Disable|Draining Kiss|[from] ability: Cursed Body|[of] p1a: Gengar\n|\n|-heal|p2a: Tapu Fini|87/100|[from] item: Leftovers\n|upkeep\n|turn|24\n|inactive|damien the genius has 30 seconds left.\n|\n|t:|1790689763\n|switch|p2a: Tornadus|Tornadus-Therian, M|59/100\n|-damage|p2a: Tornadus|34/100|[from] Stealth Rock\n|move|p1a: Gengar|Sludge Bomb|p2a: Tornadus\n|-damage|p2a: Tornadus|0 fnt\n|faint|p2a: Tornadus\n|\n|upkeep\n|inactive|damien the genius has 30 seconds left this turn.\n|\n|t:|1790689765\n|switch|p2a: Tapu Lele|Tapu Lele|100/100\n|-damage|p2a: Tapu Lele|88/100|[from] Stealth Rock\n|-fieldstart|move: Psychic Terrain|[from] ability: Psychic Surge|[of] p2a: Tapu Lele\n|turn|25\n|\n|t:|1790689777\n|switch|p1a: Moltres|Moltres-Galar|50/100\n|move|p2a: Tapu Lele|Psychic|p1a: Moltres\n|-immune|p1a: Moltres\n|\n|upkeep\n|turn|26\n|\n|t:|1790689784\n|switch|p2a: Tapu Fini|Tapu Fini|87/100\n|-damage|p2a: Tapu Fini|74/100|[from] Stealth Rock\n|-fieldstart|move: Misty Terrain|[from] ability: Misty Surge|[of] p2a: Tapu Fini\n|move|p1a: Moltres|Hurricane|p2a: Tapu Fini\n|-damage|p2a: Tapu Fini|34/100\n|\n|-heal|p2a: Tapu Fini|40/100|[from] item: Leftovers\n|upkeep\n|turn|27\n|\n|t:|1790689788\n|switch|p1a: Gengar|Gengar, F|75/100\n|-damage|p1a: Gengar|62/100|[from] Stealth Rock\n|move|p2a: Tapu Fini|Calm Mind|p2a: Tapu Fini\n|-boost|p2a: Tapu Fini|spa|1\n|-boost|p2a: Tapu Fini|spd|1\n|\n|-heal|p2a: Tapu Fini|46/100|[from] item: Leftovers\n|upkeep\n|turn|28\n|\n|t:|1790689791\n|move|p1a: Gengar|Sludge Bomb|p2a: Tapu Fini\n|-supereffective|p2a: Tapu Fini\n|-damage|p2a: Tapu Fini|0 fnt\n|faint|p2a: Tapu Fini\n|\n|upkeep\n|c|\u2606damien the genius|gg\n|inactive|damien the genius has 60 seconds left.\n|-message|damien the genius forfeited.\n|\n|win|Separation\n", "uploadtime": 1790689796, "views": "177", "formatid": "gen8ou", "rating": null, "private": 0, "password": null}