{"id": "smogtours-gen8ou-976306", "format": "[Gen 8] OU", "players": ["TDR", "Saturday Gaming"], "log": "|inactive|Battle timer is ON: inactive players will automatically lose when time's up.\n|t:|1791053831\n|gametype|singles\n|player|p1|TDR|#psplxiiihindi|\n|player|p2|Saturday Gaming|clerk|\n|gen|8\n|tier|[Gen 8] OU\n|rule|HP Percentage Mod: HP is shown in percentages\n|rule|Endless Battle Clause: Forcing endless battles is banned\n|rule|Sleep Clause Mod: Limit one foe put to sleep\n|rule|Species Clause: Limit one of each Pok\u00e9mon\n|rule|OHKO Clause: OHKO moves are banned\n|rule|Evasion Items Clause: Evasion items are banned\n|rule|Evasion Moves Clause: Evasion moves are banned\n|rule|Dynamax Clause: You cannot dynamax\n|clearpoke\n|poke|p1|Tapu Lele|\n|poke|p1|Weavile, M|\n|poke|p1|Zapdos|\n|poke|p1|Landorus-Therian, M|\n|poke|p1|Toxapex, F|\n|poke|p1|Melmetal|\n|poke|p2|Magnezone|\n|poke|p2|Tapu Koko|\n|poke|p2|Weavile, M|\n|poke|p2|Ferrothorn, F|\n|poke|p2|Landorus-Therian, M|\n|poke|p2|Tornadus-Therian, M|\n|teampreview\n|c|\u2606Saturday Gaming|glhf!\n|c|\u2606TDR|hf\n|inactive|Saturday Gaming has 270 seconds left.\n|\n|t:|1791053864\n|teamsize|p1|6\n|teamsize|p2|6\n|start\n|switch|p1a: Tapu Lele|Tapu Lele|100/100\n|switch|p2a: Landorus|Landorus-Therian, M|100/100\n|-fieldstart|move: Psychic Terrain|[from] ability: Psychic Surge|[of] p1a: Tapu Lele\n|-ability|p2a: Landorus|Intimidate|boost\n|-unboost|p1a: Tapu Lele|atk|1\n|turn|1\n|\n|t:|1791053886\n|switch|p2a: Tornadus|Tornadus-Therian, M|100/100\n|move|p1a: Tapu Lele|Psychic|p2a: Tornadus\n|-damage|p2a: Tornadus|7/100\n|\n|upkeep\n|turn|2\n|inactive|Saturday Gaming has 270 seconds left.\n|\n|t:|1791053928\n|switch|p2a: Weavile|Weavile, M|100/100\n|-ability|p2a: Weavile|Pressure\n|switch|p1a: Zapdos|Zapdos|100/100\n|\n|upkeep\n|turn|3\n|inactive|TDR has 270 seconds left.\n|\n|t:|1791053945\n|switch|p1a: Melmetal|Melmetal|100/100\n|move|p2a: Weavile|Swords Dance|p2a: Weavile\n|-boost|p2a: Weavile|atk|2\n|\n|upkeep\n|turn|4\n|inactive|TDR has 270 seconds left.\n|\n|t:|1791053959\n|switch|p2a: Ferrothorn|Ferrothorn, F|100/100\n|move|p1a: Melmetal|Double Iron Bash|p2a: Ferrothorn\n|-resisted|p2a: Ferrothorn\n|-damage|p2a: Ferrothorn|88/100\n|-damage|p1a: Melmetal|88/100|[from] ability: Iron Barbs|[of] p2a: Ferrothorn\n|-resisted|p2a: Ferrothorn\n|-damage|p2a: Ferrothorn|76/100\n|-damage|p1a: Melmetal|76/100|[from] ability: Iron Barbs|[of] p2a: Ferrothorn\n|-hitcount|p2a: Ferrothorn|2\n|\n|-heal|p1a: Melmetal|82/100|[from] item: Leftovers\n|-heal|p2a: Ferrothorn|82/100|[from] item: Leftovers\n|upkeep\n|turn|5\n|inactive|TDR has 270 seconds left.\n|\n|t:|1791053974\n|switch|p1a: Landorus|Landorus-Therian, M|100/100\n|-ability|p1a: Landorus|Intimidate|boost\n|-unboost|p2a: Ferrothorn|atk|1\n|switch|p2a: Landorus|Landorus-Therian, M|100/100\n|-ability|p2a: Landorus|Intimidate|boost\n|-unboost|p1a: Landorus|atk|1\n|\n|-fieldend|move: Psychic Terrain\n|upkeep\n|turn|6\n|\n|t:|1791053980\n|move|p1a: Landorus|Toxic|p2a: Landorus\n|-status|p2a: Landorus|tox\n|move|p2a: Landorus|Toxic|p1a: Landorus|[miss]\n|-miss|p2a: Landorus|p1a: Landorus\n|\n|-damage|p2a: Landorus|94/100 tox|[from] psn\n|upkeep\n|turn|7\n|\n|t:|1791053987\n|move|p1a: Landorus|Stealth Rock|p2a: Landorus\n|-sidestart|p2: Saturday Gaming|move: Stealth Rock\n|move|p2a: Landorus|Stealth Rock|p1a: Landorus\n|-sidestart|p1: TDR|move: Stealth Rock\n|\n|-heal|p2a: Landorus|100/100 tox|[from] item: Leftovers\n|-damage|p2a: Landorus|88/100 tox|[from] psn\n|upkeep\n|turn|8\n|\n|t:|1791054007\n|move|p1a: Landorus|U-turn|p2a: Landorus\n|-resisted|p2a: Landorus\n|-damage|p2a: Landorus|81/100 tox\n|\n|t:|1791054009\n|switch|p1a: Zapdos|Zapdos|100/100|[from] U-turn\n|move|p2a: Landorus|U-turn|p1a: Zapdos\n|-resisted|p1a: Zapdos\n|-damage|p1a: Zapdos|92/100\n|\n|t:|1791054015\n|switch|p2a: Weavile|Weavile, M|100/100|[from] U-turn\n|-ability|p2a: Weavile|Pressure\n|\n|upkeep\n|turn|9\n|\n|t:|1791054025\n|switch|p1a: Melmetal|Melmetal|82/100\n|-damage|p1a: Melmetal|76/100|[from] Stealth Rock\n|move|p2a: Weavile|Knock Off|p1a: Melmetal\n|-damage|p1a: Melmetal|46/100\n|-enditem|p1a: Melmetal|Leftovers|[from] move: Knock Off|[of] p2a: Weavile\n|\n|upkeep\n|turn|10\n|\n|t:|1791054033\n|switch|p2a: Landorus|Landorus-Therian, M|81/100 tox\n|-damage|p2a: Landorus|68/100 tox|[from] Stealth Rock\n|-ability|p2a: Landorus|Intimidate|boost\n|-unboost|p1a: Melmetal|atk|1\n|move|p1a: Melmetal|Earthquake|p2a: Landorus\n|-immune|p2a: Landorus\n|\n|-heal|p2a: Landorus|75/100 tox|[from] item: Leftovers\n|-damage|p2a: Landorus|68/100 tox|[from] psn\n|upkeep\n|turn|11\n|\n|t:|1791054039\n|move|p1a: Melmetal|Protect|p1a: Melmetal\n|-singleturn|p1a: Melmetal|Protect\n|move|p2a: Landorus|U-turn|p1a: Melmetal\n|-activate|p1a: Melmetal|move: Protect\n|\n|-heal|p2a: Landorus|75/100 tox|[from] item: Leftovers\n|-damage|p2a: Landorus|62/100 tox|[from] psn\n|upkeep\n|turn|12\n|\n|t:|1791054043\n|switch|p1a: Landorus|Landorus-Therian, M|100/100\n|-damage|p1a: Landorus|88/100|[from] Stealth Rock\n|-ability|p1a: Landorus|Intimidate|boost\n|-unboost|p2a: Landorus|atk|1\n|move|p2a: Landorus|U-turn|p1a: Landorus\n|-resisted|p1a: Landorus\n|-damage|p1a: Landorus|82/100\n|\n|t:|1791054046\n|switch|p2a: Weavile|Weavile, M|100/100|[from] U-turn\n|-ability|p2a: Weavile|Pressure\n|\n|-heal|p1a: Landorus|88/100|[from] item: Leftovers\n|upkeep\n|turn|13\n|\n|t:|1791054059\n|switch|p1a: Melmetal|Melmetal|46/100\n|-damage|p1a: Melmetal|40/100|[from] Stealth Rock\n|move|p2a: Weavile|Swords Dance|p2a: Weavile\n|-boost|p2a: Weavile|atk|2\n|\n|upkeep\n|turn|14\n|inactive|Saturday Gaming has 270 seconds left.\n|\n|t:|1791054094\n|switch|p2a: Ferrothorn|Ferrothorn, F|82/100\n|-damage|p2a: Ferrothorn|76/100|[from] Stealth Rock\n|move|p1a: Melmetal|Double Iron Bash|p2a: Ferrothorn\n|-resisted|p2a: Ferrothorn\n|-damage|p2a: Ferrothorn|63/100\n|-damage|p1a: Melmetal|28/100|[from] ability: Iron Barbs|[of] p2a: Ferrothorn\n|-resisted|p2a: Ferrothorn\n|-damage|p2a: Ferrothorn|51/100\n|-damage|p1a: Melmetal|16/100|[from] ability: Iron Barbs|[of] p2a: Ferrothorn\n|-hitcount|p2a: Ferrothorn|2\n|\n|-heal|p2a: Ferrothorn|57/100|[from] item: Leftovers\n|upkeep\n|turn|15\n|inactive|Saturday Gaming has 270 seconds left.\n|inactive|TDR has 270 seconds left.\n|\n|t:|1791054130\n|move|p1a: Melmetal|Double Iron Bash|p2a: Ferrothorn\n|-resisted|p2a: Ferrothorn\n|-damage|p2a: Ferrothorn|45/100\n|-damage|p1a: Melmetal|3/100|[from] ability: Iron Barbs|[of] p2a: Ferrothorn\n|-resisted|p2a: Ferrothorn\n|-damage|p2a: Ferrothorn|32/100\n|-damage|p1a: Melmetal|0 fnt|[from] ability: Iron Barbs|[of] p2a: Ferrothorn\n|faint|p1a: Melmetal\n|-hitcount|p2a: Ferrothorn|2\n|cant|p2a: Ferrothorn|flinch\n|\n|-heal|p2a: Ferrothorn|38/100|[from] item: Leftovers\n|upkeep\n|inactive|TDR has 240 seconds left.\n|\n|t:|1791054182\n|switch|p1a: Zapdos|Zapdos|92/100\n|turn|16\n|\n|t:|1791054190\n|switch|p2a: Landorus|Landorus-Therian, M|62/100 tox\n|-damage|p2a: Landorus|50/100 tox|[from] Stealth Rock\n|-ability|p2a: Landorus|Intimidate|boost\n|-unboost|p1a: Zapdos|atk|1\n|move|p1a: Zapdos|Hurricane|p2a: Landorus|[miss]\n|-miss|p1a: Zapdos|p2a: Landorus\n|\n|-heal|p2a: Landorus|56/100 tox|[from] item: Leftovers\n|-damage|p2a: Landorus|50/100 tox|[from] psn\n|upkeep\n|turn|17\n|c|+ILoveGarchom|always\n|inactive|TDR has 210 seconds left.\n|\n|t:|1791054221\n|switch|p1a: Toxapex|Toxapex, F|100/100\n|-damage|p1a: Toxapex|88/100|[from] Stealth Rock\n|move|p2a: Landorus|Toxic|p1a: Toxapex|[miss]\n|-miss|p2a: Landorus|p1a: Toxapex\n|\n|-heal|p2a: Landorus|56/100 tox|[from] item: Leftovers\n|-heal|p1a: Toxapex|94/100|[from] item: Black Sludge\n|-damage|p2a: Landorus|44/100 tox|[from] psn\n|upkeep\n|turn|18\n|c|\u2606Saturday Gaming|hi\n|inactive|TDR has 210 seconds left.\n|\n|t:|1791054230\n|move|p2a: Landorus|U-turn|p1a: Toxapex\n|-resisted|p1a: Toxapex\n|-damage|p1a: Toxapex|86/100\n|c|+ILoveGarchom|which alts do u not have\n|c|\u2606Saturday Gaming|Tuesday Wednesday\n|c|\u2606Saturday Gaming|and I think Sunday technically\n|\n|t:|1791054253\n|switch|p2a: Tornadus|Tornadus-Therian, M|40/100|[from] U-turn\n|move|p1a: Toxapex|Scald|p2a: Tornadus\n|-damage|p2a: Tornadus|22/100\n|\n|-heal|p1a: Toxapex|92/100|[from] item: Black Sludge\n|upkeep\n|turn|19\n|\n|t:|1791054263\n|move|p2a: Tornadus|U-turn|p1a: Toxapex\n|-resisted|p1a: Toxapex\n|-damage|p1a: Toxapex|87/100\n|\n|t:|1791054264\n|switch|p2a: Ferrothorn|Ferrothorn, F|38/100|[from] U-turn\n|-damage|p2a: Ferrothorn|32/100|[from] Stealth Rock\n|move|p1a: Toxapex|Knock Off|p2a: Ferrothorn\n|-damage|p2a: Ferrothorn|23/100\n|-damage|p1a: Toxapex|75/100|[from] ability: Iron Barbs|[of] p2a: Ferrothorn\n|-enditem|p2a: Ferrothorn|Leftovers|[from] move: Knock Off|[of] p1a: Toxapex\n|\n|-heal|p1a: Toxapex|81/100|[from] item: Black Sludge\n|upkeep\n|turn|20\n|inactive|TDR has 210 seconds left.\n|\n|t:|1791054294\n|move|p1a: Toxapex|Scald|p2a: Ferrothorn\n|-resisted|p2a: Ferrothorn\n|-damage|p2a: Ferrothorn|15/100\n|move|p2a: Ferrothorn|Knock Off|p1a: Toxapex\n|-damage|p1a: Toxapex|63/100\n|-enditem|p1a: Toxapex|Black Sludge|[from] move: Knock Off|[of] p2a: Ferrothorn\n|\n|upkeep\n|turn|21\n|\n|t:|1791054301\n|move|p1a: Toxapex|Scald|p2a: Ferrothorn\n|-resisted|p2a: Ferrothorn\n|-damage|p2a: Ferrothorn|7/100\n|move|p2a: Ferrothorn|Leech Seed|p1a: Toxapex\n|-start|p1a: Toxapex|move: Leech Seed\n|\n|-damage|p1a: Toxapex|51/100|[from] Leech Seed|[of] p2a: Ferrothorn\n|-heal|p2a: Ferrothorn|18/100|[silent]\n|upkeep\n|turn|22\n|\n|t:|1791054310\n|switch|p1a: Zapdos|Zapdos|92/100\n|move|p2a: Ferrothorn|Knock Off|p1a: Zapdos\n|-damage|p1a: Zapdos|74/100\n|-enditem|p1a: Zapdos|Heavy-Duty Boots|[from] move: Knock Off|[of] p2a: Ferrothorn\n|\n|upkeep\n|turn|23\n|\n|t:|1791054322\n|move|p1a: Zapdos|Hurricane|p2a: Ferrothorn\n|-damage|p2a: Ferrothorn|0 fnt\n|faint|p2a: Ferrothorn\n|\n|upkeep\n|\n|t:|1791054336\n|switch|p2a: Weavile|Weavile, M|100/100\n|-ability|p2a: Weavile|Pressure\n|turn|24\n|inactive|Saturday Gaming has 270 seconds left.\n|\n|t:|1791054369\n|move|p2a: Weavile|Triple Axel|p1a: Zapdos\n|-supereffective|p1a: Zapdos\n|-damage|p1a: Zapdos|57/100\n|-supereffective|p1a: Zapdos\n|-damage|p1a: Zapdos|23/100\n|-supereffective|p1a: Zapdos\n|-damage|p1a: Zapdos|0 fnt\n|faint|p1a: Zapdos\n|-hitcount|p1: Zapdos|3\n|\n|upkeep\n|\n|t:|1791054381\n|switch|p1a: Tapu Lele|Tapu Lele|100/100\n|-damage|p1a: Tapu Lele|88/100|[from] Stealth Rock\n|-fieldstart|move: Psychic Terrain|[from] ability: Psychic Surge|[of] p1a: Tapu Lele\n|turn|25\n|inactive|Saturday Gaming has 270 seconds left.\n|\n|t:|1791054398\n|switch|p2a: Landorus|Landorus-Therian, M|44/100 tox\n|-damage|p2a: Landorus|32/100 tox|[from] Stealth Rock\n|-ability|p2a: Landorus|Intimidate|boost\n|-unboost|p1a: Tapu Lele|atk|1\n|move|p1a: Tapu Lele|Moonblast|p2a: Landorus\n|-damage|p2a: Landorus|0 fnt\n|faint|p2a: Landorus\n|\n|upkeep\n|\n|t:|1791054401\n|switch|p2a: Magnezone|Magnezone, shiny|100/100\n|-damage|p2a: Magnezone|94/100|[from] Stealth Rock\n|turn|26\n|\n|t:|1791054429\n|switch|p1a: Landorus|Landorus-Therian, M|88/100\n|-damage|p1a: Landorus|75/100|[from] Stealth Rock\n|-ability|p1a: Landorus|Intimidate|boost\n|-unboost|p2a: Magnezone|atk|1\n|move|p2a: Magnezone|Flash Cannon|p1a: Landorus\n|-damage|p1a: Landorus|23/100\n|\n|-heal|p1a: Landorus|29/100|[from] item: Leftovers\n|upkeep\n|turn|27\n|inactive|Saturday Gaming has 270 seconds left.\n|\n|t:|1791054450\n|move|p1a: Landorus|Earthquake|p2a: Magnezone\n|-supereffective|p2a: Magnezone\n|-damage|p2a: Magnezone|0 fnt\n|faint|p2a: Magnezone\n|\n|-heal|p1a: Landorus|35/100|[from] item: Leftovers\n|upkeep\n|inactive|Saturday Gaming has 270 seconds left.\n|\n|t:|1791054478\n|switch|p2a: Tornadus|Tornadus-Therian, M|56/100\n|turn|28\n|inactive|TDR has 210 seconds left.\n|\n|t:|1791054526\n|move|p2a: Tornadus|Hurricane|p1a: Landorus\n|-damage|p1a: Landorus|0 fnt\n|faint|p1a: Landorus\n|\n|upkeep\n|\n|t:|1791054530\n|switch|p1a: Weavile|Weavile, M|100/100\n|-ability|p1a: Weavile|Pressure\n|turn|29\n|\n|t:|1791054541\n|move|p1a: Weavile|Triple Axel|p2a: Tornadus\n|-supereffective|p2a: Tornadus\n|-damage|p2a: Tornadus|36/100\n|-supereffective|p2a: Tornadus\n|-damage|p2a: Tornadus|0 fnt\n|faint|p2a: Tornadus\n|-hitcount|p2: Tornadus|2\n|\n|-fieldend|move: Psychic Terrain\n|upkeep\n|inactive|Saturday Gaming has 270 seconds left.\n|\n|t:|1791054555\n|switch|p2a: Tapu Koko|Tapu Koko|100/100\n|-damage|p2a: Tapu Koko|88/100|[from] Stealth Rock\n|-fieldstart|move: Electric Terrain|[from] ability: Electric Surge|[of] p2a: Tapu Koko\n|turn|30\n|inactive|Saturday Gaming has 270 seconds left.\n|\n|t:|1791054588\n|move|p2a: Tapu Koko|Volt Switch|p1a: Weavile\n|-damage|p1a: Weavile|21/100\n|\n|t:|1791054589\n|switch|p2a: Weavile|Weavile, M|100/100|[from] Volt Switch\n|-ability|p2a: Weavile|Pressure\n|move|p1a: Weavile|Triple Axel|p2a: Weavile\n|-resisted|p2a: Weavile\n|-damage|p2a: Weavile|93/100\n|-resisted|p2a: Weavile\n|-damage|p2a: Weavile|74/100\n|-hitcount|p2a: Weavile|2\n|\n|upkeep\n|turn|31\n|inactive|TDR has 210 seconds left.\n|inactive|Saturday Gaming has 240 seconds left.\n|\n|t:|1791054617\n|move|p1a: Weavile|Triple Axel|p2a: Weavile\n|-resisted|p2a: Weavile\n|-damage|p2a: Weavile|65/100\n|-resisted|p2a: Weavile\n|-damage|p2a: Weavile|49/100\n|-resisted|p2a: Weavile\n|-damage|p2a: Weavile|22/100\n|-hitcount|p2a: Weavile|3\n|move|p2a: Weavile|Knock Off|p1a: Weavile\n|-resisted|p1a: Weavile\n|-damage|p1a: Weavile|0 fnt\n|-enditem|p1a: Weavile|Heavy-Duty Boots|[from] move: Knock Off|[of] p2a: Weavile\n|faint|p1a: Weavile\n|\n|upkeep\n|\n|t:|1791054629\n|switch|p1a: Toxapex|Toxapex, F|84/100\n|-damage|p1a: Toxapex|72/100|[from] Stealth Rock\n|turn|32\n|\n|t:|1791054646\n|switch|p2a: Tapu Koko|Tapu Koko|88/100\n|-damage|p2a: Tapu Koko|76/100|[from] Stealth Rock\n|switch|p1a: Tapu Lele|Tapu Lele|88/100\n|-damage|p1a: Tapu Lele|76/100|[from] Stealth Rock\n|-fieldstart|move: Psychic Terrain|[from] ability: Psychic Surge|[of] p1a: Tapu Lele\n|\n|upkeep\n|turn|33\n|\n|t:|1791054665\n|move|p2a: Tapu Koko|Volt Switch|p1a: Tapu Lele\n|-crit|p1a: Tapu Lele\n|-damage|p1a: Tapu Lele|2/100\n|\n|t:|1791054668\n|switch|p2a: Weavile|Weavile, M|22/100|[from] Volt Switch\n|-ability|p2a: Weavile|Pressure\n|move|p1a: Tapu Lele|Moonblast|p2a: Weavile\n|-supereffective|p2a: Weavile\n|-damage|p2a: Weavile|0 fnt\n|faint|p2a: Weavile\n|\n|upkeep\n|\n|t:|1791054669\n|switch|p2a: Tapu Koko|Tapu Koko|76/100\n|-damage|p2a: Tapu Koko|63/100|[from] Stealth Rock\n|-fieldstart|move: Electric Terrain|[from] ability: Electric Surge|[of] p2a: Tapu Koko\n|turn|34\n|\n|t:|1791054676\n|move|p2a: Tapu Koko|Thunderbolt|p1a: Tapu Lele\n|-damage|p1a: Tapu Lele|0 fnt\n|faint|p1a: Tapu Lele\n|\n|upkeep\n|\n|t:|1791054681\n|switch|p1a: Toxapex|Toxapex, F|100/100\n|-damage|p1a: Toxapex|88/100|[from] Stealth Rock\n|turn|35\n|inactive|TDR has 210 seconds left.\n|\n|t:|1791054688\n|move|p2a: Tapu Koko|Thunderbolt|p1a: Toxapex\n|-supereffective|p1a: Toxapex\n|-damage|p1a: Toxapex|0 fnt\n|faint|p1a: Toxapex\n|\n|win|Saturday Gaming\n|c|\u2606Saturday Gaming|ggwp~\n|c|\u2606TDR|gg\n|player|p2|\n|player|p1|\n|player|p2|Saturday Gaming|clerk|\n", "uploadtime": 1791054688, "views": "39", "formatid": "gen8ou", "rating": null, "private": 0, "password": null}