{"id": "smogtours-gen8ou-976832", "format": "[Gen 8] OU", "players": ["hazardeur", "longestbanana \u262c"], "log": "|inactive|Battle timer is ON: inactive players will automatically lose when time's up.\n|t:|1791140266\n|gametype|singles\n|player|p1|hazardeur|lucas|\n|player|p2|longestbanana \u262c|#splxviiclassiest2|\n|gen|8\n|tier|[Gen 8] OU\n|rule|HP Percentage Mod: HP is shown in percentages\n|rule|Endless Battle Clause: Forcing endless battles is banned\n|rule|Sleep Clause Mod: Limit one foe put to sleep\n|rule|Species Clause: Limit one of each Pok\u00e9mon\n|rule|OHKO Clause: OHKO moves are banned\n|rule|Evasion Items Clause: Evasion items are banned\n|rule|Evasion Moves Clause: Evasion moves are banned\n|rule|Dynamax Clause: You cannot dynamax\n|clearpoke\n|poke|p1|Dragapult, M|\n|poke|p1|Melmetal|\n|poke|p1|Buzzwole|\n|poke|p1|Slowbro, M|\n|poke|p1|Blissey, F|\n|poke|p1|Landorus-Therian, M|\n|poke|p2|Slowking-Galar, M|\n|poke|p2|Corviknight, F|\n|poke|p2|Clefable, F|\n|poke|p2|Toxapex, F|\n|poke|p2|Gastrodon, F|\n|poke|p2|Hydreigon, F|\n|teampreview\n|c|\u2606longestbanana \u262c|hf\n|c|\u2606hazardeur|hf\n|inactive|hazardeur has 270 seconds left.\n|inactive|longestbanana \u262c has 270 seconds left.\n|inactive|hazardeur has 240 seconds left.\n|inactive|longestbanana \u262c has 240 seconds left.\n|inactive|hazardeur has 210 seconds left.\n|\n|t:|1791140358\n|teamsize|p1|6\n|teamsize|p2|6\n|start\n|switch|p1a: Landorus|Landorus-Therian, M|100/100\n|switch|p2a: Toxapex|Toxapex, F|100/100\n|-ability|p1a: Landorus|Intimidate|boost\n|-unboost|p2a: Toxapex|atk|1\n|turn|1\n|\n|t:|1791140364\n|switch|p1a: Slowbro|Slowbro, M|100/100\n|move|p2a: Toxapex|Knock Off|p1a: Slowbro\n|-supereffective|p1a: Slowbro\n|-damage|p1a: Slowbro|89/100\n|-damage|p2a: Toxapex|84/100|[from] item: Rocky Helmet|[of] p1a: Slowbro\n|-enditem|p1a: Slowbro|Rocky Helmet|[from] move: Knock Off|[of] p2a: Toxapex\n|\n|-heal|p2a: Toxapex|90/100|[from] item: Black Sludge\n|upkeep\n|turn|2\n|\n|t:|1791140372\n|switch|p2a: Hydreigon|Hydreigon, F|100/100\n|move|p1a: Slowbro|Scald|p2a: Hydreigon\n|-resisted|p2a: Hydreigon\n|-damage|p2a: Hydreigon|84/100\n|-status|p2a: Hydreigon|brn\n|\n|-damage|p2a: Hydreigon|78/100 brn|[from] brn\n|upkeep\n|turn|3\n|\n|t:|1791140389\n|switch|p2a: Clefable|Clefable, F|100/100\n|switch|p1a: Landorus|Landorus-Therian, M|100/100\n|-ability|p1a: Landorus|Intimidate|boost\n|-unboost|p2a: Clefable|atk|1\n|\n|upkeep\n|turn|4\n|\n|t:|1791140395\n|switch|p2a: Toxapex|Toxapex, F|100/100\n|move|p1a: Landorus|Knock Off|p2a: Toxapex\n|-damage|p2a: Toxapex|81/100\n|-enditem|p2a: Toxapex|Black Sludge|[from] move: Knock Off|[of] p1a: Landorus\n|\n|upkeep\n|turn|5\n|\n|t:|1791140418\n|switch|p1a: Slowbro|Slowbro, M|100/100\n|move|p2a: Toxapex|Knock Off|p1a: Slowbro\n|-supereffective|p1a: Slowbro\n|-damage|p1a: Slowbro|89/100\n|\n|upkeep\n|turn|6\n|inactive|longestbanana \u262c has 270 seconds left.\n|\n|t:|1791140451\n|switch|p2a: Slowking|Slowking-Galar, M, shiny|100/100\n|move|p1a: Slowbro|Future Sight|p2a: Slowking\n|-start|p1a: Slowbro|move: Future Sight\n|\n|upkeep\n|turn|7\n|inactive|longestbanana \u262c has 270 seconds left.\n|\n|t:|1791140461\n|move|p2a: Slowking|Nasty Plot|p2a: Slowking\n|-boost|p2a: Slowking|spa|2\n|move|p1a: Slowbro|Teleport|p1a: Slowbro\n|inactive|hazardeur has 270 seconds left.\n|\n|t:|1791140495\n|switch|p1a: Dragapult|Dragapult, M|100/100|[from] Teleport\n|\n|upkeep\n|turn|8\n|inactive|longestbanana \u262c has 270 seconds left.\n|\n|t:|1791140528\n|switch|p2a: Corviknight|Corviknight, F|100/100\n|-ability|p2a: Corviknight|Pressure\n|move|p1a: Dragapult|Shadow Ball|p2a: Corviknight\n|-damage|p2a: Corviknight|51/100\n|-unboost|p2a: Corviknight|spd|1\n|\n|-end|p2a: Corviknight|move: Future Sight\n|-resisted|p2a: Corviknight\n|-damage|p2a: Corviknight|26/100\n|-heal|p2a: Corviknight|32/100|[from] item: Leftovers\n|upkeep\n|turn|9\n|\n|t:|1791140533\n|switch|p2a: Hydreigon|Hydreigon, F|78/100 brn\n|move|p1a: Dragapult|Shadow Ball|p2a: Hydreigon\n|-resisted|p2a: Hydreigon\n|-damage|p2a: Hydreigon|47/100 brn\n|-unboost|p2a: Hydreigon|spd|1\n|\n|-damage|p2a: Hydreigon|41/100 brn|[from] brn\n|upkeep\n|turn|10\n|\n|t:|1791140545\n|switch|p2a: Gastrodon|Gastrodon, F|100/100\n|move|p1a: Dragapult|Shadow Ball|p2a: Gastrodon\n|-damage|p2a: Gastrodon|65/100\n|\n|-heal|p2a: Gastrodon|71/100|[from] item: Leftovers\n|upkeep\n|turn|11\n|\n|t:|1791140550\n|switch|p1a: Blissey|Blissey, F|100/100\n|switch|p2a: Corviknight|Corviknight, F|32/100\n|-ability|p2a: Corviknight|Pressure\n|\n|-heal|p2a: Corviknight|38/100|[from] item: Leftovers\n|upkeep\n|turn|12\n|\n|t:|1791140556\n|switch|p1a: Landorus|Landorus-Therian, M|100/100\n|-ability|p1a: Landorus|Intimidate|boost\n|-unboost|p2a: Corviknight|atk|1\n|move|p2a: Corviknight|Roost|p2a: Corviknight\n|-heal|p2a: Corviknight|88/100\n|-singleturn|p2a: Corviknight|move: Roost\n|\n|-heal|p2a: Corviknight|94/100|[from] item: Leftovers\n|upkeep\n|turn|13\n|\n|t:|1791140561\n|switch|p2a: Clefable|Clefable, F|100/100\n|move|p1a: Landorus|Earthquake|p2a: Clefable\n|-damage|p2a: Clefable|65/100\n|\n|upkeep\n|turn|14\n|\n|t:|1791140585\n|switch|p2a: Corviknight|Corviknight, F|94/100\n|-ability|p2a: Corviknight|Pressure\n|move|p1a: Landorus|Knock Off|p2a: Corviknight\n|-crit|p2a: Corviknight\n|-damage|p2a: Corviknight|65/100\n|-enditem|p2a: Corviknight|Leftovers|[from] move: Knock Off|[of] p1a: Landorus\n|\n|upkeep\n|turn|15\n|\n|t:|1791140593\n|move|p1a: Landorus|U-turn|p2a: Corviknight\n|-resisted|p2a: Corviknight\n|-damage|p2a: Corviknight|62/100\n|\n|t:|1791140595\n|switch|p1a: Slowbro|Slowbro, M|100/100|[from] U-turn\n|move|p2a: Corviknight|Roost|p2a: Corviknight\n|-heal|p2a: Corviknight|100/100\n|-singleturn|p2a: Corviknight|move: Roost\n|\n|upkeep\n|turn|16\n|\n|t:|1791140598\n|move|p2a: Corviknight|U-turn|p1a: Slowbro\n|-supereffective|p1a: Slowbro\n|-crit|p1a: Slowbro\n|-damage|p1a: Slowbro|73/100\n|\n|t:|1791140621\n|switch|p2a: Hydreigon|Hydreigon, F|41/100 brn|[from] U-turn\n|move|p1a: Slowbro|Future Sight|p2a: Hydreigon\n|-start|p1a: Slowbro|move: Future Sight\n|\n|-damage|p2a: Hydreigon|35/100 brn|[from] brn\n|upkeep\n|turn|17\n|\n|t:|1791140633\n|switch|p1a: Melmetal|Melmetal|100/100\n|move|p2a: Hydreigon|Roost|p2a: Hydreigon\n|-heal|p2a: Hydreigon|85/100 brn\n|-singleturn|p2a: Hydreigon|move: Roost\n|\n|-damage|p2a: Hydreigon|79/100 brn|[from] brn\n|upkeep\n|turn|18\n|\n|t:|1791140647\n|switch|p2a: Corviknight|Corviknight, F|100/100\n|-ability|p2a: Corviknight|Pressure\n|move|p1a: Melmetal|Thunder Punch|p2a: Corviknight\n|-supereffective|p2a: Corviknight\n|-damage|p2a: Corviknight|49/100\n|\n|-end|p2a: Corviknight|move: Future Sight\n|-resisted|p2a: Corviknight\n|-damage|p2a: Corviknight|31/100\n|upkeep\n|turn|19\n|\n|t:|1791140658\n|switch|p1a: Dragapult|Dragapult, M|100/100\n|move|p2a: Corviknight|Roost|p2a: Corviknight\n|-heal|p2a: Corviknight|81/100\n|-singleturn|p2a: Corviknight|move: Roost\n|\n|upkeep\n|turn|20\n|\n|t:|1791140670\n|move|p1a: Dragapult|Shadow Ball|p2a: Corviknight\n|-damage|p2a: Corviknight|34/100\n|move|p2a: Corviknight|Roost|p2a: Corviknight\n|-heal|p2a: Corviknight|84/100\n|-singleturn|p2a: Corviknight|move: Roost\n|\n|upkeep\n|turn|21\n|\n|t:|1791140676\n|switch|p2a: Hydreigon|Hydreigon, F|79/100 brn\n|move|p1a: Dragapult|Shadow Ball|p2a: Hydreigon\n|-resisted|p2a: Hydreigon\n|-damage|p2a: Hydreigon|48/100 brn\n|\n|-damage|p2a: Hydreigon|42/100 brn|[from] brn\n|upkeep\n|turn|22\n|\n|t:|1791140681\n|switch|p1a: Landorus|Landorus-Therian, M|100/100\n|-ability|p1a: Landorus|Intimidate|boost\n|-unboost|p2a: Hydreigon|atk|1\n|move|p2a: Hydreigon|Roost|p2a: Hydreigon\n|-heal|p2a: Hydreigon|92/100 brn\n|-singleturn|p2a: Hydreigon|move: Roost\n|\n|-damage|p2a: Hydreigon|86/100 brn|[from] brn\n|upkeep\n|turn|23\n|inactive|longestbanana \u262c has 270 seconds left.\n|\n|t:|1791140719\n|switch|p2a: Corviknight|Corviknight, F|84/100\n|-ability|p2a: Corviknight|Pressure\n|move|p1a: Landorus|U-turn|p2a: Corviknight\n|-resisted|p2a: Corviknight\n|-damage|p2a: Corviknight|80/100\n|\n|t:|1791140732\n|switch|p1a: Dragapult|Dragapult, M|100/100|[from] U-turn\n|\n|upkeep\n|turn|24\n|\n|t:|1791140736\n|move|p1a: Dragapult|Shadow Ball|p2a: Corviknight\n|-damage|p2a: Corviknight|38/100\n|move|p2a: Corviknight|Roost|p2a: Corviknight\n|-heal|p2a: Corviknight|88/100\n|-singleturn|p2a: Corviknight|move: Roost\n|\n|upkeep\n|turn|25\n|\n|t:|1791140754\n|switch|p2a: Toxapex|Toxapex, F|100/100\n|move|p1a: Dragapult|Shadow Ball|p2a: Toxapex\n|-damage|p2a: Toxapex|54/100\n|\n|upkeep\n|turn|26\n|\n|t:|1791140761\n|switch|p1a: Slowbro|Slowbro, M|100/100\n|switch|p2a: Hydreigon|Hydreigon, F|86/100 brn\n|\n|-damage|p2a: Hydreigon|80/100 brn|[from] brn\n|upkeep\n|turn|27\n|\n|t:|1791140768\n|switch|p1a: Blissey|Blissey, F|100/100\n|move|p2a: Hydreigon|Dark Pulse|p1a: Blissey\n|-damage|p1a: Blissey|81/100\n|-damage|p2a: Hydreigon|70/100 brn|[from] item: Life Orb\n|\n|-damage|p2a: Hydreigon|64/100 brn|[from] brn\n|upkeep\n|turn|28\n|\n|t:|1791140779\n|switch|p2a: Corviknight|Corviknight, F|88/100\n|-ability|p2a: Corviknight|Pressure\n|move|p1a: Blissey|Stealth Rock|p2a: Corviknight\n|-sidestart|p2: longestbanana \u262c|move: Stealth Rock\n|\n|upkeep\n|turn|29\n|\n|t:|1791140781\n|switch|p1a: Dragapult|Dragapult, M|100/100\n|move|p2a: Corviknight|Defog|p1a: Dragapult\n|-unboost|p1a: Dragapult|evasion|1\n|-sideend|p2: longestbanana \u262c|Stealth Rock|[from] move: Defog|[of] p2a: Corviknight\n|\n|upkeep\n|turn|30\n|\n|t:|1791140784\n|move|p1a: Dragapult|Flamethrower|p2a: Corviknight\n|-supereffective|p2a: Corviknight\n|-damage|p2a: Corviknight|14/100\n|move|p2a: Corviknight|Roost|p2a: Corviknight\n|-heal|p2a: Corviknight|64/100\n|-singleturn|p2a: Corviknight|move: Roost\n|\n|upkeep\n|turn|31\n|\n|t:|1791140801\n|switch|p1a: Slowbro|Slowbro, M|100/100\n|switch|p2a: Slowking|Slowking-Galar, M, shiny|100/100\n|\n|upkeep\n|turn|32\n|\n|t:|1791140807\n|move|p2a: Slowking|Sludge Bomb|p1a: Slowbro\n|-damage|p1a: Slowbro|67/100\n|-status|p1a: Slowbro|psn\n|move|p1a: Slowbro|Future Sight|p2a: Slowking\n|-start|p1a: Slowbro|move: Future Sight\n|\n|-damage|p1a: Slowbro|54/100 psn|[from] psn\n|upkeep\n|turn|33\n|\n|t:|1791140833\n|switch|p2a: Corviknight|Corviknight, F|64/100\n|-ability|p2a: Corviknight|Pressure\n|move|p1a: Slowbro|Teleport|p1a: Slowbro\n|\n|t:|1791140849\n|switch|p1a: Dragapult|Dragapult, M|100/100|[from] Teleport\n|\n|upkeep\n|turn|34\n|\n|t:|1791140856\n|switch|p2a: Hydreigon|Hydreigon, F|64/100 brn\n|move|p1a: Dragapult|Shadow Ball|p2a: Hydreigon\n|-resisted|p2a: Hydreigon\n|-damage|p2a: Hydreigon|32/100 brn\n|\n|-end|p2a: Hydreigon|move: Future Sight\n|-immune|p2a: Hydreigon\n|-damage|p2a: Hydreigon|26/100 brn|[from] brn\n|upkeep\n|turn|35\n|\n|t:|1791140872\n|switch|p2a: Gastrodon|Gastrodon, F|71/100\n|move|p1a: Dragapult|Shadow Ball|p2a: Gastrodon\n|-damage|p2a: Gastrodon|36/100\n|\n|-heal|p2a: Gastrodon|42/100|[from] item: Leftovers\n|upkeep\n|turn|36\n|\n|t:|1791140875\n|move|p1a: Dragapult|Shadow Ball|p2a: Gastrodon\n|-damage|p2a: Gastrodon|8/100\n|move|p2a: Gastrodon|Recover|p2a: Gastrodon\n|-heal|p2a: Gastrodon|58/100\n|\n|-heal|p2a: Gastrodon|64/100|[from] item: Leftovers\n|upkeep\n|turn|37\n|\n|t:|1791140882\n|switch|p1a: Slowbro|Slowbro, M|88/100 psn\n|move|p2a: Gastrodon|Recover|p2a: Gastrodon\n|-heal|p2a: Gastrodon|100/100\n|\n|-damage|p1a: Slowbro|75/100 psn|[from] psn\n|upkeep\n|turn|38\n|\n|t:|1791140891\n|switch|p2a: Clefable|Clefable, F|65/100\n|move|p1a: Slowbro|Teleport|p1a: Slowbro\n|\n|t:|1791140894\n|switch|p1a: Melmetal|Melmetal|100/100|[from] Teleport\n|\n|upkeep\n|turn|39\n|\n|t:|1791140905\n|move|p2a: Clefable|Trick|p1a: Melmetal\n|-activate|p2a: Clefable|move: Trick|[of] p1a: Melmetal\n|-item|p1a: Melmetal|Sticky Barb|[from] move: Trick\n|-item|p2a: Clefable|Leftovers|[from] move: Trick\n|move|p1a: Melmetal|Double Iron Bash|p2a: Clefable\n|-supereffective|p2a: Clefable\n|-damage|p2a: Clefable|0 fnt\n|faint|p2a: Clefable\n|-hitcount|p2: Clefable|1\n|\n|-damage|p1a: Melmetal|88/100|[from] item: Sticky Barb\n|upkeep\n|\n|t:|1791140924\n|switch|p2a: Gastrodon|Gastrodon, F|100/100\n|turn|40\n|\n|t:|1791140928\n|switch|p1a: Slowbro|Slowbro, M|100/100 psn\n|switch|p2a: Slowking|Slowking-Galar, M, shiny|100/100\n|\n|-damage|p1a: Slowbro|88/100 psn|[from] psn\n|upkeep\n|turn|41\n|\n|t:|1791140935\n|move|p2a: Slowking|Nasty Plot|p2a: Slowking\n|-boost|p2a: Slowking|spa|2\n|move|p1a: Slowbro|Teleport|p1a: Slowbro\n|\n|t:|1791140937\n|switch|p1a: Landorus|Landorus-Therian, M|100/100|[from] Teleport\n|-ability|p1a: Landorus|Intimidate|boost\n|-unboost|p2a: Slowking|atk|1\n|\n|upkeep\n|turn|42\n|\n|t:|1791140943\n|move|p1a: Landorus|Earthquake|p2a: Slowking\n|-supereffective|p2a: Slowking\n|-damage|p2a: Slowking|19/100\n|move|p2a: Slowking|Trick|p1a: Landorus\n|-activate|p2a: Slowking|move: Trick|[of] p1a: Landorus\n|-item|p1a: Landorus|Black Sludge|[from] move: Trick\n|-item|p2a: Slowking|Leftovers|[from] move: Trick\n|\n|-damage|p1a: Landorus|88/100|[from] item: Black Sludge\n|-heal|p2a: Slowking|25/100|[from] item: Leftovers\n|upkeep\n|turn|43\n|\n|t:|1791140952\n|switch|p2a: Corviknight|Corviknight, F|64/100\n|-ability|p2a: Corviknight|Pressure\n|move|p1a: Landorus|U-turn|p2a: Corviknight\n|-resisted|p2a: Corviknight\n|-damage|p2a: Corviknight|61/100\n|\n|t:|1791140958\n|switch|p1a: Dragapult|Dragapult, M|100/100|[from] U-turn\n|\n|upkeep\n|turn|44\n|\n|t:|1791140963\n|switch|p2a: Gastrodon|Gastrodon, F|100/100\n|move|p1a: Dragapult|Flamethrower|p2a: Gastrodon\n|-resisted|p2a: Gastrodon\n|-damage|p2a: Gastrodon|89/100\n|\n|-heal|p2a: Gastrodon|95/100|[from] item: Leftovers\n|upkeep\n|turn|45\n|\n|t:|1791140968\n|switch|p1a: Slowbro|Slowbro, M|100/100 psn\n|switch|p2a: Slowking|Slowking-Galar, M, shiny|58/100\n|\n|-heal|p2a: Slowking|64/100|[from] item: Leftovers\n|-damage|p1a: Slowbro|88/100 psn|[from] psn\n|upkeep\n|turn|46\n|\n|t:|1791140975\n|move|p2a: Slowking|Sludge Bomb|p1a: Slowbro\n|-damage|p1a: Slowbro|56/100 psn\n|move|p1a: Slowbro|Teleport|p1a: Slowbro\n|\n|t:|1791140978\n|switch|p1a: Dragapult|Dragapult, M|100/100|[from] Teleport\n|\n|-heal|p2a: Slowking|70/100|[from] item: Leftovers\n|upkeep\n|turn|47\n|\n|t:|1791140980\n|switch|p2a: Gastrodon|Gastrodon, F|95/100\n|move|p1a: Dragapult|Shadow Ball|p2a: Gastrodon\n|-damage|p2a: Gastrodon|61/100\n|\n|-heal|p2a: Gastrodon|67/100|[from] item: Leftovers\n|upkeep\n|turn|48\n|\n|t:|1791140984\n|switch|p1a: Blissey|Blissey, F|81/100\n|move|p2a: Gastrodon|Toxic|p1a: Blissey\n|-status|p1a: Blissey|tox\n|\n|-heal|p2a: Gastrodon|73/100|[from] item: Leftovers\n|-damage|p1a: Blissey|75/100 tox|[from] psn\n|upkeep\n|turn|49\n|\n|t:|1791140998\n|move|p1a: Blissey|Stealth Rock|p2a: Gastrodon\n|-sidestart|p2: longestbanana \u262c|move: Stealth Rock\n|move|p2a: Gastrodon|Recover|p2a: Gastrodon\n|-heal|p2a: Gastrodon|100/100\n|\n|-damage|p1a: Blissey|62/100 tox|[from] psn\n|upkeep\n|turn|50\n|\n|t:|1791141002\n|-curestatus|p1a: Blissey|tox|[from] ability: Natural Cure|[silent]\n|switch|p1a: Slowbro|Slowbro, M|89/100 psn\n|switch|p2a: Corviknight|Corviknight, F|61/100\n|-damage|p2a: Corviknight|48/100|[from] Stealth Rock\n|-ability|p2a: Corviknight|Pressure\n|\n|-damage|p1a: Slowbro|77/100 psn|[from] psn\n|upkeep\n|turn|51\n|\n|t:|1791141007\n|move|p2a: Corviknight|Defog|p1a: Slowbro\n|-unboost|p1a: Slowbro|evasion|1\n|-sideend|p2: longestbanana \u262c|Stealth Rock|[from] move: Defog|[of] p2a: Corviknight\n|move|p1a: Slowbro|Scald|p2a: Corviknight\n|-damage|p2a: Corviknight|23/100\n|\n|-damage|p1a: Slowbro|64/100 psn|[from] psn\n|upkeep\n|turn|52\n|\n|t:|1791141011\n|move|p2a: Corviknight|Roost|p2a: Corviknight\n|-heal|p2a: Corviknight|73/100\n|-singleturn|p2a: Corviknight|move: Roost\n|move|p1a: Slowbro|Scald|p2a: Corviknight\n|-damage|p2a: Corviknight|49/100\n|-status|p2a: Corviknight|brn\n|\n|-damage|p1a: Slowbro|52/100 psn|[from] psn\n|-damage|p2a: Corviknight|42/100 brn|[from] brn\n|upkeep\n|turn|53\n|\n|t:|1791141014\n|move|p2a: Corviknight|Roost|p2a: Corviknight\n|-heal|p2a: Corviknight|92/100 brn\n|-singleturn|p2a: Corviknight|move: Roost\n|move|p1a: Slowbro|Teleport|p1a: Slowbro\n|\n|t:|1791141016\n|switch|p1a: Blissey|Blissey, F|62/100|[from] Teleport\n|\n|-damage|p2a: Corviknight|86/100 brn|[from] brn\n|upkeep\n|turn|54\n|\n|t:|1791141021\n|move|p2a: Corviknight|Defog|p1a: Blissey\n|-unboost|p1a: Blissey|evasion|1\n|move|p1a: Blissey|Stealth Rock|p2a: Corviknight\n|-sidestart|p2: longestbanana \u262c|move: Stealth Rock\n|\n|-damage|p2a: Corviknight|80/100 brn|[from] brn\n|upkeep\n|turn|55\n|\n|t:|1791141023\n|move|p2a: Corviknight|Defog|p1a: Blissey\n|-unboost|p1a: Blissey|evasion|1\n|-sideend|p2: longestbanana \u262c|Stealth Rock|[from] move: Defog|[of] p2a: Corviknight\n|move|p1a: Blissey|Soft-Boiled|p1a: Blissey\n|-heal|p1a: Blissey|100/100\n|\n|-damage|p2a: Corviknight|74/100 brn|[from] brn\n|upkeep\n|turn|56\n|\n|t:|1791141025\n|move|p2a: Corviknight|Body Press|p1a: Blissey\n|-supereffective|p1a: Blissey\n|-damage|p1a: Blissey|78/100\n|move|p1a: Blissey|Stealth Rock|p2a: Corviknight\n|-sidestart|p2: longestbanana \u262c|move: Stealth Rock\n|\n|-damage|p2a: Corviknight|67/100 brn|[from] brn\n|upkeep\n|turn|57\n|\n|t:|1791141027\n|move|p2a: Corviknight|Defog|p1a: Blissey\n|-unboost|p1a: Blissey|evasion|1\n|-sideend|p2: longestbanana \u262c|Stealth Rock|[from] move: Defog|[of] p2a: Corviknight\n|move|p1a: Blissey|Seismic Toss|p2a: Corviknight\n|-damage|p2a: Corviknight|42/100 brn\n|\n|-damage|p2a: Corviknight|36/100 brn|[from] brn\n|upkeep\n|turn|58\n|\n|t:|1791141031\n|move|p2a: Corviknight|Roost|p2a: Corviknight\n|-heal|p2a: Corviknight|86/100 brn\n|-singleturn|p2a: Corviknight|move: Roost\n|move|p1a: Blissey|Stealth Rock|p2a: Corviknight\n|-sidestart|p2: longestbanana \u262c|move: Stealth Rock\n|\n|-damage|p2a: Corviknight|80/100 brn|[from] brn\n|upkeep\n|turn|59\n|\n|t:|1791141033\n|move|p2a: Corviknight|Defog|p1a: Blissey\n|-unboost|p1a: Blissey|evasion|1\n|-sideend|p2: longestbanana \u262c|Stealth Rock|[from] move: Defog|[of] p2a: Corviknight\n|move|p1a: Blissey|Seismic Toss|p2a: Corviknight\n|-damage|p2a: Corviknight|55/100 brn\n|\n|-damage|p2a: Corviknight|49/100 brn|[from] brn\n|upkeep\n|turn|60\n|\n|t:|1791141037\n|move|p2a: Corviknight|Body Press|p1a: Blissey\n|-supereffective|p1a: Blissey\n|-damage|p1a: Blissey|58/100\n|move|p1a: Blissey|Seismic Toss|p2a: Corviknight\n|-damage|p2a: Corviknight|24/100 brn\n|\n|-damage|p2a: Corviknight|17/100 brn|[from] brn\n|upkeep\n|turn|61\n|\n|t:|1791141046\n|move|p2a: Corviknight|Roost|p2a: Corviknight\n|-heal|p2a: Corviknight|67/100 brn\n|-singleturn|p2a: Corviknight|move: Roost\n|move|p1a: Blissey|Stealth Rock|p2a: Corviknight\n|-sidestart|p2: longestbanana \u262c|move: Stealth Rock\n|\n|-damage|p2a: Corviknight|61/100 brn|[from] brn\n|upkeep\n|turn|62\n|\n|t:|1791141054\n|move|p2a: Corviknight|Defog|p1a: Blissey\n|-unboost|p1a: Blissey|evasion|1\n|-sideend|p2: longestbanana \u262c|Stealth Rock|[from] move: Defog|[of] p2a: Corviknight\n|move|p1a: Blissey|Soft-Boiled|p1a: Blissey\n|-heal|p1a: Blissey|100/100\n|\n|-damage|p2a: Corviknight|55/100 brn|[from] brn\n|upkeep\n|turn|63\n|\n|t:|1791141065\n|move|p2a: Corviknight|Roost|p2a: Corviknight\n|-heal|p2a: Corviknight|100/100 brn\n|-singleturn|p2a: Corviknight|move: Roost\n|move|p1a: Blissey|Stealth Rock|p2a: Corviknight\n|-sidestart|p2: longestbanana \u262c|move: Stealth Rock\n|\n|-damage|p2a: Corviknight|94/100 brn|[from] brn\n|upkeep\n|turn|64\n|\n|t:|1791141070\n|switch|p2a: Slowking|Slowking-Galar, M, shiny|100/100\n|-damage|p2a: Slowking|88/100|[from] Stealth Rock\n|move|p1a: Blissey|Seismic Toss|p2a: Slowking\n|-damage|p2a: Slowking|62/100\n|\n|-heal|p2a: Slowking|68/100|[from] item: Leftovers\n|upkeep\n|turn|65\n|\n|t:|1791141078\n|switch|p1a: Melmetal|Melmetal|88/100\n|move|p2a: Slowking|Nasty Plot|p2a: Slowking\n|-boost|p2a: Slowking|spa|2\n|\n|-heal|p2a: Slowking|74/100|[from] item: Leftovers\n|-damage|p1a: Melmetal|76/100|[from] item: Sticky Barb\n|upkeep\n|turn|66\n|\n|t:|1791141082\n|switch|p2a: Toxapex|Toxapex, F|87/100\n|-damage|p2a: Toxapex|75/100|[from] Stealth Rock\n|move|p1a: Melmetal|Double Iron Bash|p2a: Toxapex\n|-resisted|p2a: Toxapex\n|-damage|p2a: Toxapex|62/100\n|-resisted|p2a: Toxapex\n|-damage|p2a: Toxapex|48/100\n|-hitcount|p2a: Toxapex|2\n|\n|-damage|p1a: Melmetal|63/100|[from] item: Sticky Barb\n|upkeep\n|turn|67\n|\n|t:|1791141090\n|switch|p1a: Slowbro|Slowbro, M|85/100 psn\n|move|p2a: Toxapex|Recover|p2a: Toxapex\n|-heal|p2a: Toxapex|98/100\n|\n|-damage|p1a: Slowbro|73/100 psn|[from] psn\n|upkeep\n|turn|68\n|\n|t:|1791141094\n|switch|p2a: Hydreigon|Hydreigon, F|26/100 brn\n|-damage|p2a: Hydreigon|13/100 brn|[from] Stealth Rock\n|move|p1a: Slowbro|Future Sight|p2a: Hydreigon\n|-start|p1a: Slowbro|move: Future Sight\n|\n|-damage|p1a: Slowbro|60/100 psn|[from] psn\n|-damage|p2a: Hydreigon|7/100 brn|[from] brn\n|upkeep\n|turn|69\n|\n|t:|1791141098\n|move|p2a: Hydreigon|Roost|p2a: Hydreigon\n|-heal|p2a: Hydreigon|57/100 brn\n|-singleturn|p2a: Hydreigon|move: Roost\n|move|p1a: Slowbro|Teleport|p1a: Slowbro\n|\n|t:|1791141105\n|switch|p1a: Dragapult|Dragapult, M|100/100|[from] Teleport\n|\n|-damage|p2a: Hydreigon|51/100 brn|[from] brn\n|upkeep\n|turn|70\n|\n|t:|1791141107\n|switch|p2a: Corviknight|Corviknight, F|94/100 brn\n|-damage|p2a: Corviknight|82/100 brn|[from] Stealth Rock\n|-ability|p2a: Corviknight|Pressure\n|move|p1a: Dragapult|U-turn|p2a: Corviknight\n|-resisted|p2a: Corviknight\n|-damage|p2a: Corviknight|79/100 brn\n|\n|t:|1791141114\n|switch|p1a: Buzzwole|Buzzwole|100/100|[from] U-turn\n|\n|-end|p2a: Corviknight|move: Future Sight\n|-resisted|p2a: Corviknight\n|-damage|p2a: Corviknight|60/100 brn\n|-damage|p2a: Corviknight|54/100 brn|[from] brn\n|upkeep\n|turn|71\n|\n|t:|1791141120\n|move|p1a: Buzzwole|Close Combat|p2a: Corviknight\n|-damage|p2a: Corviknight|13/100 brn\n|-unboost|p1a: Buzzwole|def|1\n|-unboost|p1a: Buzzwole|spd|1\n|move|p2a: Corviknight|Roost|p2a: Corviknight\n|-heal|p2a: Corviknight|63/100 brn\n|-singleturn|p2a: Corviknight|move: Roost\n|\n|-damage|p2a: Corviknight|57/100 brn|[from] brn\n|upkeep\n|turn|72\n|\n|t:|1791141129\n|switch|p2a: Toxapex|Toxapex, F|100/100\n|-damage|p2a: Toxapex|88/100|[from] Stealth Rock\n|move|p1a: Buzzwole|Close Combat|p2a: Toxapex\n|-resisted|p2a: Toxapex\n|-damage|p2a: Toxapex|67/100\n|-unboost|p1a: Buzzwole|def|1\n|-unboost|p1a: Buzzwole|spd|1\n|\n|upkeep\n|turn|73\n|\n|t:|1791141135\n|switch|p1a: Slowbro|Slowbro, M|94/100 psn\n|move|p2a: Toxapex|Recover|p2a: Toxapex\n|-heal|p2a: Toxapex|100/100\n|\n|-damage|p1a: Slowbro|81/100 psn|[from] psn\n|upkeep\n|turn|74\n|\n|t:|1791141139\n|switch|p2a: Slowking|Slowking-Galar, M, shiny|100/100\n|-damage|p2a: Slowking|88/100|[from] Stealth Rock\n|move|p1a: Slowbro|Future Sight|p2a: Slowking\n|-start|p1a: Slowbro|move: Future Sight\n|\n|-heal|p2a: Slowking|94/100|[from] item: Leftovers\n|-damage|p1a: Slowbro|69/100 psn|[from] psn\n|upkeep\n|turn|75\n|\n|t:|1791141142\n|move|p2a: Slowking|Sludge Bomb|p1a: Slowbro\n|-damage|p1a: Slowbro|35/100 psn\n|move|p1a: Slowbro|Teleport|p1a: Slowbro\n|\n|t:|1791141145\n|switch|p1a: Dragapult|Dragapult, M|100/100|[from] Teleport\n|\n|-heal|p2a: Slowking|99/100|[from] item: Leftovers\n|upkeep\n|turn|76\n|inactive|longestbanana \u262c has 270 seconds left.\n|\n|t:|1791141179\n|switch|p2a: Hydreigon|Hydreigon, F|51/100 brn\n|-damage|p2a: Hydreigon|39/100 brn|[from] Stealth Rock\n|move|p1a: Dragapult|Shadow Ball|p2a: Hydreigon\n|-resisted|p2a: Hydreigon\n|-damage|p2a: Hydreigon|10/100 brn\n|\n|-end|p2a: Hydreigon|move: Future Sight\n|-immune|p2a: Hydreigon\n|-damage|p2a: Hydreigon|4/100 brn|[from] brn\n|upkeep\n|turn|77\n|\n|t:|1791141188\n|switch|p2a: Gastrodon|Gastrodon, F|100/100\n|-damage|p2a: Gastrodon|94/100|[from] Stealth Rock\n|move|p1a: Dragapult|Shadow Ball|p2a: Gastrodon\n|-damage|p2a: Gastrodon|58/100\n|\n|-heal|p2a: Gastrodon|64/100|[from] item: Leftovers\n|upkeep\n|turn|78\n|\n|t:|1791141192\n|switch|p1a: Blissey|Blissey, F|100/100\n|move|p2a: Gastrodon|Recover|p2a: Gastrodon\n|-heal|p2a: Gastrodon|100/100\n|\n|upkeep\n|turn|79\n|\n|t:|1791141197\n|switch|p1a: Slowbro|Slowbro, M|68/100 psn\n|switch|p2a: Slowking|Slowking-Galar, M, shiny|100/100\n|-damage|p2a: Slowking|88/100|[from] Stealth Rock\n|\n|-heal|p2a: Slowking|94/100|[from] item: Leftovers\n|-damage|p1a: Slowbro|56/100 psn|[from] psn\n|upkeep\n|turn|80\n|\n|t:|1791141201\n|move|p2a: Slowking|Nasty Plot|p2a: Slowking\n|-boost|p2a: Slowking|spa|2\n|move|p1a: Slowbro|Teleport|p1a: Slowbro\n|\n|t:|1791141207\n|switch|p1a: Melmetal|Melmetal|63/100|[from] Teleport\n|\n|-heal|p2a: Slowking|99/100|[from] item: Leftovers\n|-damage|p1a: Melmetal|51/100|[from] item: Sticky Barb\n|upkeep\n|turn|81\n|\n|t:|1791141217\n|switch|p2a: Toxapex|Toxapex, F|100/100\n|-damage|p2a: Toxapex|88/100|[from] Stealth Rock\n|move|p1a: Melmetal|Double Iron Bash|p2a: Toxapex\n|-resisted|p2a: Toxapex\n|-damage|p2a: Toxapex|74/100\n|-resisted|p2a: Toxapex\n|-damage|p2a: Toxapex|62/100\n|-hitcount|p2a: Toxapex|2\n|\n|-damage|p1a: Melmetal|39/100|[from] item: Sticky Barb\n|upkeep\n|turn|82\n|\n|t:|1791141221\n|switch|p1a: Slowbro|Slowbro, M|89/100 psn\n|switch|p2a: Slowking|Slowking-Galar, M, shiny|100/100\n|-damage|p2a: Slowking|88/100|[from] Stealth Rock\n|\n|-heal|p2a: Slowking|94/100|[from] item: Leftovers\n|-damage|p1a: Slowbro|77/100 psn|[from] psn\n|upkeep\n|turn|83\n|\n|t:|1791141225\n|move|p2a: Slowking|Nasty Plot|p2a: Slowking\n|-boost|p2a: Slowking|spa|2\n|move|p1a: Slowbro|Teleport|p1a: Slowbro\n|\n|t:|1791141228\n|switch|p1a: Landorus|Landorus-Therian, M|88/100|[from] Teleport\n|-ability|p1a: Landorus|Intimidate|boost\n|-unboost|p2a: Slowking|atk|1\n|\n|-damage|p1a: Landorus|76/100|[from] item: Black Sludge\n|-heal|p2a: Slowking|99/100|[from] item: Leftovers\n|upkeep\n|turn|84\n|\n|t:|1791141232\n|move|p1a: Landorus|Earthquake|p2a: Slowking\n|-supereffective|p2a: Slowking\n|-damage|p2a: Slowking|17/100\n|move|p2a: Slowking|Psyshock|p1a: Landorus\n|-damage|p1a: Landorus|11/100\n|\n|-damage|p1a: Landorus|0 fnt|[from] item: Black Sludge\n|faint|p1a: Landorus\n|-heal|p2a: Slowking|23/100|[from] item: Leftovers\n|upkeep\n|\n|t:|1791141234\n|switch|p1a: Buzzwole|Buzzwole|100/100\n|turn|85\n|\n|t:|1791141238\n|switch|p2a: Toxapex|Toxapex, F|95/100\n|-damage|p2a: Toxapex|82/100|[from] Stealth Rock\n|move|p1a: Buzzwole|Earthquake|p2a: Toxapex\n|-supereffective|p2a: Toxapex\n|-damage|p2a: Toxapex|38/100\n|\n|upkeep\n|turn|86\n|\n|t:|1791141244\n|switch|p2a: Hydreigon|Hydreigon, F|4/100 brn\n|-damage|p2a: Hydreigon|0 fnt|[from] Stealth Rock\n|faint|p2a: Hydreigon\n|move|p1a: Buzzwole|Earthquake|p2: Hydreigon|[notarget]\n|-fail|p1a: Buzzwole\n|\n|upkeep\n|\n|t:|1791141245\n|switch|p2a: Toxapex|Toxapex, F|71/100\n|-damage|p2a: Toxapex|58/100|[from] Stealth Rock\n|turn|87\n|\n|t:|1791141249\n|move|p1a: Buzzwole|Earthquake|p2a: Toxapex\n|-supereffective|p2a: Toxapex\n|-damage|p2a: Toxapex|18/100\n|move|p2a: Toxapex|Recover|p2a: Toxapex\n|-heal|p2a: Toxapex|68/100\n|\n|upkeep\n|turn|88\n|\n|t:|1791141252\n|switch|p1a: Slowbro|Slowbro, M|100/100 psn\n|move|p2a: Toxapex|Recover|p2a: Toxapex\n|-heal|p2a: Toxapex|100/100\n|\n|-damage|p1a: Slowbro|88/100 psn|[from] psn\n|upkeep\n|turn|89\n|\n|t:|1791141254\n|switch|p2a: Slowking|Slowking-Galar, M, shiny|56/100\n|-damage|p2a: Slowking|44/100|[from] Stealth Rock\n|move|p1a: Slowbro|Future Sight|p2a: Slowking\n|-start|p1a: Slowbro|move: Future Sight\n|\n|-heal|p2a: Slowking|50/100|[from] item: Leftovers\n|-damage|p1a: Slowbro|76/100 psn|[from] psn\n|upkeep\n|turn|90\n|\n|t:|1791141262\n|switch|p2a: Corviknight|Corviknight, F|57/100 brn\n|-damage|p2a: Corviknight|44/100 brn|[from] Stealth Rock\n|-ability|p2a: Corviknight|Pressure\n|move|p1a: Slowbro|Teleport|p1a: Slowbro\n|\n|t:|1791141266\n|switch|p1a: Dragapult|Dragapult, M|100/100|[from] Teleport\n|\n|-damage|p2a: Corviknight|38/100 brn|[from] brn\n|upkeep\n|turn|91\n|\n|t:|1791141270\n|move|p1a: Dragapult|Shadow Ball|p2a: Corviknight\n|-damage|p2a: Corviknight|0 fnt\n|faint|p2a: Corviknight\n|\n|-hint|Future Sight did not hit because the target is fainted.\n|upkeep\n|\n|t:|1791141272\n|switch|p2a: Gastrodon|Gastrodon, F|100/100\n|-damage|p2a: Gastrodon|94/100|[from] Stealth Rock\n|turn|92\n|\n|t:|1791141276\n|switch|p1a: Slowbro|Slowbro, M|100/100 psn\n|switch|p2a: Slowking|Slowking-Galar, M, shiny|83/100\n|-damage|p2a: Slowking|71/100|[from] Stealth Rock\n|\n|-heal|p2a: Slowking|77/100|[from] item: Leftovers\n|-damage|p1a: Slowbro|88/100 psn|[from] psn\n|upkeep\n|turn|93\n|\n|t:|1791141291\n|move|p2a: Slowking|Nasty Plot|p2a: Slowking\n|-boost|p2a: Slowking|spa|2\n|move|p1a: Slowbro|Teleport|p1a: Slowbro\n|\n|t:|1791141297\n|switch|p1a: Melmetal|Melmetal|39/100|[from] Teleport\n|\n|-heal|p2a: Slowking|83/100|[from] item: Leftovers\n|-damage|p1a: Melmetal|26/100|[from] item: Sticky Barb\n|upkeep\n|turn|94\n|\n|t:|1791141301\n|switch|p2a: Toxapex|Toxapex, F|100/100\n|-damage|p2a: Toxapex|88/100|[from] Stealth Rock\n|move|p1a: Melmetal|Double Iron Bash|p2a: Toxapex\n|-resisted|p2a: Toxapex\n|-damage|p2a: Toxapex|76/100\n|-resisted|p2a: Toxapex\n|-damage|p2a: Toxapex|63/100\n|-hitcount|p2a: Toxapex|2\n|\n|-damage|p1a: Melmetal|14/100|[from] item: Sticky Barb\n|upkeep\n|turn|95\n|\n|t:|1791141303\n|switch|p1a: Slowbro|Slowbro, M|100/100 psn\n|switch|p2a: Slowking|Slowking-Galar, M, shiny|100/100\n|-damage|p2a: Slowking|88/100|[from] Stealth Rock\n|\n|-heal|p2a: Slowking|94/100|[from] item: Leftovers\n|-damage|p1a: Slowbro|88/100 psn|[from] psn\n|upkeep\n|turn|96\n|\n|t:|1791141306\n|move|p2a: Slowking|Nasty Plot|p2a: Slowking\n|-boost|p2a: Slowking|spa|2\n|move|p1a: Slowbro|Scald|p2a: Slowking\n|-damage|p2a: Slowking|70/100\n|\n|-heal|p2a: Slowking|76/100|[from] item: Leftovers\n|-damage|p1a: Slowbro|76/100 psn|[from] psn\n|upkeep\n|turn|97\n|\n|t:|1791141309\n|switch|p1a: Melmetal|Melmetal|14/100\n|move|p2a: Slowking|Sludge Bomb|p1a: Melmetal\n|-immune|p1a: Melmetal\n|\n|-heal|p2a: Slowking|82/100|[from] item: Leftovers\n|-damage|p1a: Melmetal|2/100|[from] item: Sticky Barb\n|upkeep\n|turn|98\n|\n|t:|1791141328\n|switch|p2a: Toxapex|Toxapex, F|96/100\n|-damage|p2a: Toxapex|84/100|[from] Stealth Rock\n|move|p1a: Melmetal|Double Iron Bash|p2a: Toxapex\n|-resisted|p2a: Toxapex\n|-damage|p2a: Toxapex|71/100\n|-resisted|p2a: Toxapex\n|-damage|p2a: Toxapex|58/100\n|-hitcount|p2a: Toxapex|2\n|\n|-damage|p1a: Melmetal|0 fnt|[from] item: Sticky Barb\n|faint|p1a: Melmetal\n|upkeep\n|\n|t:|1791141332\n|switch|p1a: Slowbro|Slowbro, M|100/100 psn\n|turn|99\n|\n|t:|1791141335\n|switch|p2a: Slowking|Slowking-Galar, M, shiny|100/100\n|-damage|p2a: Slowking|88/100|[from] Stealth Rock\n|move|p1a: Slowbro|Future Sight|p2a: Slowking\n|-start|p1a: Slowbro|move: Future Sight\n|\n|-heal|p2a: Slowking|94/100|[from] item: Leftovers\n|-damage|p1a: Slowbro|88/100 psn|[from] psn\n|upkeep\n|turn|100\n|\n|t:|1791141339\n|move|p2a: Slowking|Sludge Bomb|p1a: Slowbro\n|-damage|p1a: Slowbro|52/100 psn\n|move|p1a: Slowbro|Teleport|p1a: Slowbro\n|\n|t:|1791141340\n|switch|p1a: Dragapult|Dragapult, M|100/100|[from] Teleport\n|\n|-heal|p2a: Slowking|99/100|[from] item: Leftovers\n|upkeep\n|turn|101\n|\n|t:|1791141361\n|switch|p2a: Gastrodon|Gastrodon, F|94/100\n|-damage|p2a: Gastrodon|88/100|[from] Stealth Rock\n|move|p1a: Dragapult|Shadow Ball|p2a: Gastrodon\n|-damage|p2a: Gastrodon|53/100\n|\n|-end|p2a: Gastrodon|move: Future Sight\n|-damage|p2a: Gastrodon|28/100\n|-heal|p2a: Gastrodon|34/100|[from] item: Leftovers\n|upkeep\n|turn|102\n|\n|t:|1791141369\n|move|p1a: Dragapult|Shadow Ball|p2a: Gastrodon\n|-damage|p2a: Gastrodon|0 fnt\n|faint|p2a: Gastrodon\n|\n|upkeep\n|\n|t:|1791141373\n|switch|p2a: Toxapex|Toxapex, F|92/100\n|-damage|p2a: Toxapex|79/100|[from] Stealth Rock\n|turn|103\n|\n|t:|1791141383\n|switch|p1a: Slowbro|Slowbro, M|85/100 psn\n|switch|p2a: Slowking|Slowking-Galar, M, shiny|100/100\n|-damage|p2a: Slowking|88/100|[from] Stealth Rock\n|\n|-heal|p2a: Slowking|94/100|[from] item: Leftovers\n|-damage|p1a: Slowbro|73/100 psn|[from] psn\n|upkeep\n|turn|104\n|\n|t:|1791141387\n|move|p2a: Slowking|Nasty Plot|p2a: Slowking\n|-boost|p2a: Slowking|spa|2\n|move|p1a: Slowbro|Teleport|p1a: Slowbro\n|\n|t:|1791141398\n|switch|p1a: Buzzwole|Buzzwole|100/100|[from] Teleport\n|\n|-heal|p2a: Slowking|99/100|[from] item: Leftovers\n|upkeep\n|turn|105\n|\n|t:|1791141406\n|move|p1a: Buzzwole|Earthquake|p2a: Slowking\n|-supereffective|p2a: Slowking\n|-damage|p2a: Slowking|33/100\n|move|p2a: Slowking|Sludge Bomb|p1a: Buzzwole\n|-damage|p1a: Buzzwole|0 fnt\n|faint|p1a: Buzzwole\n|\n|-heal|p2a: Slowking|39/100|[from] item: Leftovers\n|upkeep\n|\n|t:|1791141410\n|switch|p1a: Dragapult|Dragapult, M|100/100\n|turn|106\n|\n|t:|1791141413\n|switch|p2a: Toxapex|Toxapex, F|100/100\n|-damage|p2a: Toxapex|88/100|[from] Stealth Rock\n|move|p1a: Dragapult|Shadow Ball|p2a: Toxapex\n|-damage|p2a: Toxapex|44/100\n|-unboost|p2a: Toxapex|spd|1\n|\n|upkeep\n|turn|107\n|c|\u2606longestbanana \u262c|gg\n|\n|t:|1791141420\n|move|p1a: Dragapult|Shadow Ball|p2a: Toxapex\n|-damage|p2a: Toxapex|0 fnt\n|faint|p2a: Toxapex\n|\n|upkeep\n|c|\u2606hazardeur|gg\n|\n|t:|1791141421\n|switch|p2a: Slowking|Slowking-Galar, M, shiny|72/100\n|-damage|p2a: Slowking|60/100|[from] Stealth Rock\n|turn|108\n|\n|t:|1791141423\n|move|p1a: Dragapult|Shadow Ball|p2a: Slowking\n|-supereffective|p2a: Slowking\n|-damage|p2a: Slowking|0 fnt\n|faint|p2a: Slowking\n|\n|win|hazardeur\n|player|p2|\n", "uploadtime": 1791141423, "views": "86", "formatid": "gen8ou", "rating": null, "private": 0, "password": null}