{"id": "smogtours-gen8ou-975217", "format": "[Gen 8] OU", "players": ["MAD MONK FU-ROUGE", "Baddy"], "log": "|inactive|Battle timer is ON: inactive players will automatically lose when time's up.\n|t:|1790542202\n|gametype|singles\n|player|p1|MAD MONK FU-ROUGE|dawn|\n|player|p2|Baddy|#scl6platoon2|\n|gen|8\n|tier|[Gen 8] OU\n|rule|HP Percentage Mod: HP is shown in percentages\n|rule|Endless Battle Clause: Forcing endless battles is banned\n|rule|Sleep Clause Mod: Limit one foe put to sleep\n|rule|Species Clause: Limit one of each Pok\u00e9mon\n|rule|OHKO Clause: OHKO moves are banned\n|rule|Evasion Items Clause: Evasion items are banned\n|rule|Evasion Moves Clause: Evasion moves are banned\n|rule|Dynamax Clause: You cannot dynamax\n|clearpoke\n|poke|p1|Hydreigon, M|\n|poke|p1|Garchomp, M|\n|poke|p1|Scizor, M|\n|poke|p1|Tapu Koko|\n|poke|p1|Landorus-Therian, M|\n|poke|p1|Toxapex, F|\n|poke|p2|Clefable, M|\n|poke|p2|Gastrodon, M|\n|poke|p2|Skarmory, F|\n|poke|p2|Tornadus-Therian, M|\n|poke|p2|Tapu Koko|\n|poke|p2|Melmetal|\n|teampreview\n|c|\u2606Baddy|hf\n|inactive|MAD MONK FU-ROUGE has 270 seconds left.\n|inactive|Baddy has 270 seconds left.\n|\n|t:|1790542257\n|teamsize|p1|6\n|teamsize|p2|6\n|start\n|switch|p1a: Toxapex|Toxapex, F|100/100\n|switch|p2a: Clefable|Clefable, M|100/100\n|turn|1\n|\n|t:|1790542265\n|move|p2a: Clefable|Stealth Rock|p1a: Toxapex\n|-sidestart|p1: MAD MONK FU-ROUGE|move: Stealth Rock\n|move|p1a: Toxapex|Gunk Shot|p2a: Clefable\n|-supereffective|p2a: Clefable\n|-damage|p2a: Clefable|36/100\n|\n|-heal|p2a: Clefable|42/100|[from] item: Leftovers\n|upkeep\n|turn|2\n|\n|t:|1790542282\n|switch|p2a: Gastrodon|Gastrodon, M|100/100\n|move|p1a: Toxapex|Gunk Shot|p2a: Gastrodon\n|-resisted|p2a: Gastrodon\n|-damage|p2a: Gastrodon|75/100\n|-status|p2a: Gastrodon|psn\n|\n|-heal|p2a: Gastrodon|81/100 psn|[from] item: Leftovers\n|-damage|p2a: Gastrodon|69/100 psn|[from] psn\n|upkeep\n|turn|3\n|\n|t:|1790542294\n|move|p2a: Gastrodon|Recover|p2a: Gastrodon\n|-heal|p2a: Gastrodon|100/100 psn\n|move|p1a: Toxapex|Knock Off|p2a: Gastrodon\n|-damage|p2a: Gastrodon|73/100 psn\n|-enditem|p2a: Gastrodon|Leftovers|[from] move: Knock Off|[of] p1a: Toxapex\n|\n|-damage|p2a: Gastrodon|61/100 psn|[from] psn\n|upkeep\n|turn|4\n|\n|t:|1790542306\n|move|p2a: Gastrodon|Recover|p2a: Gastrodon\n|-heal|p2a: Gastrodon|100/100 psn\n|move|p1a: Toxapex|Knock Off|p2a: Gastrodon\n|-damage|p2a: Gastrodon|84/100 psn\n|\n|-damage|p2a: Gastrodon|72/100 psn|[from] psn\n|upkeep\n|turn|5\n|\n|t:|1790542310\n|move|p2a: Gastrodon|Scald|p1a: Toxapex\n|-resisted|p1a: Toxapex\n|-damage|p1a: Toxapex|89/100\n|move|p1a: Toxapex|Gunk Shot|p2a: Gastrodon\n|-resisted|p2a: Gastrodon\n|-damage|p2a: Gastrodon|47/100 psn\n|\n|-damage|p2a: Gastrodon|35/100 psn|[from] psn\n|upkeep\n|turn|6\n|\n|t:|1790542333\n|switch|p1a: Garchomp|Garchomp, M|100/100\n|-damage|p1a: Garchomp|94/100|[from] Stealth Rock\n|move|p2a: Gastrodon|Recover|p2a: Gastrodon\n|-heal|p2a: Gastrodon|85/100 psn\n|\n|-damage|p2a: Gastrodon|72/100 psn|[from] psn\n|upkeep\n|turn|7\n|\n|t:|1790542346\n|switch|p2a: Skarmory|Skarmory, F|100/100\n|move|p1a: Garchomp|Stealth Rock|p2a: Skarmory\n|-sidestart|p2: Baddy|move: Stealth Rock\n|\n|upkeep\n|turn|8\n|\n|t:|1790542350\n|move|p1a: Garchomp|Fire Blast|p2a: Skarmory\n|-supereffective|p2a: Skarmory\n|-ability|p2a: Skarmory|Sturdy\n|-damage|p2a: Skarmory|1/100\n|-damage|p1a: Garchomp|85/100|[from] item: Life Orb\n|move|p2a: Skarmory|Spikes|p1a: Garchomp\n|-sidestart|p1: MAD MONK FU-ROUGE|Spikes\n|\n|upkeep\n|turn|9\n|\n|t:|1790542357\n|switch|p2a: Tornadus|Tornadus-Therian, M|100/100\n|move|p1a: Garchomp|Fire Blast|p2a: Tornadus|[miss]\n|-miss|p1a: Garchomp|p2a: Tornadus\n|\n|upkeep\n|turn|10\n|\n|t:|1790542363\n|switch|p1a: Tapu Koko|Tapu Koko|100/100\n|-fieldstart|move: Electric Terrain|[from] ability: Electric Surge|[of] p1a: Tapu Koko\n|move|p2a: Tornadus|Knock Off|p1a: Tapu Koko\n|-resisted|p1a: Tapu Koko\n|-damage|p1a: Tapu Koko|86/100\n|-enditem|p1a: Tapu Koko|Heavy-Duty Boots|[from] move: Knock Off|[of] p2a: Tornadus\n|\n|upkeep\n|turn|11\n|\n|t:|1790542372\n|switch|p2a: Gastrodon|Gastrodon, M|72/100 psn\n|-damage|p2a: Gastrodon|66/100 psn|[from] Stealth Rock\n|move|p1a: Tapu Koko|Thunderbolt|p2a: Gastrodon\n|-immune|p2a: Gastrodon\n|\n|-damage|p2a: Gastrodon|54/100 psn|[from] psn\n|upkeep\n|turn|12\n|\n|t:|1790542377\n|move|p1a: Tapu Koko|U-turn|p2a: Gastrodon\n|-damage|p2a: Gastrodon|37/100 psn\n|\n|t:|1790542390\n|switch|p1a: Scizor|Scizor, M|100/100|[from] U-turn\n|move|p2a: Gastrodon|Recover|p2a: Gastrodon\n|-heal|p2a: Gastrodon|87/100 psn\n|\n|-damage|p2a: Gastrodon|74/100 psn|[from] psn\n|upkeep\n|turn|13\n|\n|t:|1790542397\n|move|p1a: Scizor|U-turn|p2a: Gastrodon\n|-damage|p2a: Gastrodon|42/100 psn\n|\n|t:|1790542401\n|switch|p1a: joshua|Hydreigon, M|100/100|[from] U-turn\n|-damage|p1a: joshua|88/100|[from] Stealth Rock\n|move|p2a: Gastrodon|Scald|p1a: joshua\n|-resisted|p1a: joshua\n|-damage|p1a: joshua|73/100\n|\n|-damage|p2a: Gastrodon|29/100 psn|[from] psn\n|upkeep\n|turn|14\n|inactive|MAD MONK FU-ROUGE has 270 seconds left.\n|inactive|MAD MONK FU-ROUGE has 240 seconds left.\n|\n|t:|1790542479\n|switch|p2a: Tornadus|Tornadus-Therian, M|100/100\n|move|p1a: joshua|Dark Pulse|p2a: Tornadus\n|-damage|p2a: Tornadus|52/100\n|-damage|p1a: joshua|63/100|[from] item: Life Orb\n|\n|-fieldend|move: Electric Terrain\n|upkeep\n|turn|15\n|\n|t:|1790542490\n|move|p2a: Tornadus|Knock Off|p1a: joshua\n|-resisted|p1a: joshua\n|-damage|p1a: joshua|52/100\n|-enditem|p1a: joshua|Life Orb|[from] move: Knock Off|[of] p2a: Tornadus\n|move|p1a: joshua|Roost|p1a: joshua\n|-heal|p1a: joshua|100/100\n|-singleturn|p1a: joshua|move: Roost\n|\n|upkeep\n|turn|16\n|\n|t:|1790542496\n|move|p2a: Tornadus|Hurricane|p1a: joshua\n|-damage|p1a: joshua|49/100\n|move|p1a: joshua|Dark Pulse|p2a: Tornadus\n|-damage|p2a: Tornadus|9/100\n|\n|upkeep\n|turn|17\n|inactive|MAD MONK FU-ROUGE has 240 seconds left.\n|\n|t:|1790542517\n|switch|p2a: Clefable|Clefable, M|42/100\n|switch|p1a: Garchomp|Garchomp, M|85/100\n|-damage|p1a: Garchomp|78/100|[from] Stealth Rock\n|-damage|p1a: Garchomp|66/100|[from] Spikes\n|\n|-heal|p2a: Clefable|48/100|[from] item: Leftovers\n|upkeep\n|turn|18\n|\n|t:|1790542525\n|move|p1a: Garchomp|Earthquake|p2a: Clefable\n|-damage|p2a: Clefable|6/100\n|-damage|p1a: Garchomp|56/100|[from] item: Life Orb\n|move|p2a: Clefable|Soft-Boiled|p2a: Clefable\n|-heal|p2a: Clefable|56/100\n|\n|-heal|p2a: Clefable|62/100|[from] item: Leftovers\n|upkeep\n|turn|19\n|\n|t:|1790542535\n|switch|p1a: Toxapex|Toxapex, F|100/100\n|-damage|p1a: Toxapex|88/100|[from] Stealth Rock\n|-damage|p1a: Toxapex|76/100|[from] Spikes\n|move|p2a: Clefable|Soft-Boiled|p2a: Clefable\n|-heal|p2a: Clefable|100/100\n|\n|upkeep\n|turn|20\n|\n|t:|1790542549\n|switch|p2a: Melmetal|Melmetal|100/100\n|-damage|p2a: Melmetal|94/100|[from] Stealth Rock\n|move|p1a: Toxapex|Gunk Shot|p2a: Melmetal\n|-immune|p2a: Melmetal\n|\n|-heal|p2a: Melmetal|100/100|[from] item: Leftovers\n|upkeep\n|turn|21\n|\n|t:|1790542553\n|move|p2a: Melmetal|Double Iron Bash|p1a: Toxapex\n|-resisted|p1a: Toxapex\n|-damage|p1a: Toxapex|59/100\n|-resisted|p1a: Toxapex\n|-damage|p1a: Toxapex|43/100\n|-hitcount|p1a: Toxapex|2\n|move|p1a: Toxapex|Knock Off|p2a: Melmetal\n|-damage|p2a: Melmetal|85/100\n|-enditem|p2a: Melmetal|Leftovers|[from] move: Knock Off|[of] p1a: Toxapex\n|\n|upkeep\n|turn|22\n|inactive|MAD MONK FU-ROUGE has 240 seconds left.\n|\n|t:|1790542566\n|switch|p1a: Scizor|Scizor, M|100/100\n|move|p2a: Melmetal|Double Iron Bash|p1a: Scizor\n|-resisted|p1a: Scizor\n|-damage|p1a: Scizor|85/100\n|-resisted|p1a: Scizor\n|-damage|p1a: Scizor|68/100\n|-hitcount|p1a: Scizor|2\n|\n|upkeep\n|turn|23\n|inactive|MAD MONK FU-ROUGE has 240 seconds left.\n|\n|t:|1790542580\n|switch|p2a: Tornadus|Tornadus-Therian, M|42/100\n|move|p1a: Scizor|Swords Dance|p1a: Scizor\n|-boost|p1a: Scizor|atk|2\n|\n|upkeep\n|turn|24\n|inactive|MAD MONK FU-ROUGE has 240 seconds left.\n|\n|t:|1790542590\n|switch|p2a: Skarmory|Skarmory, F|1/100\n|-damage|p2a: Skarmory|0 fnt|[from] Stealth Rock\n|faint|p2a: Skarmory\n|move|p1a: Scizor|Roost|p1a: Scizor\n|-heal|p1a: Scizor|100/100\n|-singleturn|p1a: Scizor|move: Roost\n|\n|upkeep\n|\n|t:|1790542607\n|switch|p2a: Tornadus|Tornadus-Therian, M|75/100\n|turn|25\n|\n|t:|1790542622\n|switch|p1a: Toxapex|Toxapex, F|76/100\n|-damage|p1a: Toxapex|64/100|[from] Stealth Rock\n|-damage|p1a: Toxapex|52/100|[from] Spikes\n|move|p2a: Tornadus|U-turn|p1a: Toxapex\n|-resisted|p1a: Toxapex\n|-damage|p1a: Toxapex|46/100\n|\n|t:|1790542628\n|switch|p2a: Gastrodon|Gastrodon, M|29/100 psn|[from] U-turn\n|-damage|p2a: Gastrodon|23/100 psn|[from] Stealth Rock\n|\n|-damage|p2a: Gastrodon|11/100 psn|[from] psn\n|upkeep\n|turn|26\n|inactive|MAD MONK FU-ROUGE has 240 seconds left.\n|\n|t:|1790542655\n|switch|p1a: Landorus|Landorus-Therian, M|100/100\n|-damage|p1a: Landorus|88/100|[from] Stealth Rock\n|-ability|p1a: Landorus|Intimidate|boost\n|-unboost|p2a: Gastrodon|atk|1\n|move|p2a: Gastrodon|Recover|p2a: Gastrodon\n|-heal|p2a: Gastrodon|61/100 psn\n|\n|-heal|p1a: Landorus|94/100|[from] item: Leftovers\n|-damage|p2a: Gastrodon|48/100 psn|[from] psn\n|upkeep\n|turn|27\n|inactive|MAD MONK FU-ROUGE has 240 seconds left.\n|\n|t:|1790542668\n|move|p1a: Landorus|Defog|p2a: Gastrodon\n|-unboost|p2a: Gastrodon|evasion|1\n|-sideend|p2: Baddy|Stealth Rock|[from] move: Defog|[of] p1a: Landorus\n|-sideend|p1: MAD MONK FU-ROUGE|Spikes|[from] move: Defog|[of] p1a: Landorus\n|-sideend|p1: MAD MONK FU-ROUGE|Stealth Rock|[from] move: Defog|[of] p1a: Landorus\n|move|p2a: Gastrodon|Recover|p2a: Gastrodon\n|-heal|p2a: Gastrodon|99/100 psn\n|\n|-heal|p1a: Landorus|99/100|[from] item: Leftovers\n|-damage|p2a: Gastrodon|86/100 psn|[from] psn\n|upkeep\n|turn|28\n|\n|t:|1790542677\n|move|p1a: Landorus|U-turn|p2a: Gastrodon\n|-damage|p2a: Gastrodon|60/100 psn\n|\n|t:|1790542681\n|switch|p1a: Toxapex|Toxapex, F|79/100|[from] U-turn\n|move|p2a: Gastrodon|Recover|p2a: Gastrodon\n|-heal|p2a: Gastrodon|100/100 psn\n|\n|-damage|p2a: Gastrodon|88/100 psn|[from] psn\n|upkeep\n|turn|29\n|\n|t:|1790542690\n|move|p2a: Gastrodon|Scald|p1a: Toxapex\n|-resisted|p1a: Toxapex\n|-damage|p1a: Toxapex|69/100\n|move|p1a: Toxapex|Knock Off|p2a: Gastrodon\n|-damage|p2a: Gastrodon|71/100 psn\n|\n|-damage|p2a: Gastrodon|59/100 psn|[from] psn\n|upkeep\n|turn|30\n|\n|t:|1790542698\n|move|p2a: Gastrodon|Recover|p2a: Gastrodon\n|-heal|p2a: Gastrodon|100/100 psn\n|move|p1a: Toxapex|Liquidation|p2a: Gastrodon\n|-ability|p2a: Gastrodon|Storm Drain|boost\n|-boost|p2a: Gastrodon|spa|1\n|\n|-damage|p2a: Gastrodon|88/100 psn|[from] psn\n|upkeep\n|turn|31\n|\n|t:|1790542701\n|move|p2a: Gastrodon|Scald|p1a: Toxapex\n|-resisted|p1a: Toxapex\n|-damage|p1a: Toxapex|54/100\n|move|p1a: Toxapex|Liquidation|p2a: Gastrodon\n|-ability|p2a: Gastrodon|Storm Drain|boost\n|-boost|p2a: Gastrodon|spa|1\n|\n|-damage|p2a: Gastrodon|76/100 psn|[from] psn\n|upkeep\n|turn|32\n|\n|t:|1790542705\n|switch|p1a: joshua|Hydreigon, M|49/100\n|move|p2a: Gastrodon|Scald|p1a: joshua\n|-resisted|p1a: joshua\n|-damage|p1a: joshua|21/100\n|-status|p1a: joshua|brn\n|\n|-damage|p2a: Gastrodon|63/100 psn|[from] psn\n|-damage|p1a: joshua|15/100 brn|[from] brn\n|upkeep\n|turn|33\n|\n|t:|1790542710\n|move|p1a: joshua|Roost|p1a: joshua\n|-heal|p1a: joshua|65/100 brn\n|-singleturn|p1a: joshua|move: Roost\n|move|p2a: Gastrodon|Recover|p2a: Gastrodon\n|-heal|p2a: Gastrodon|100/100 psn\n|\n|-damage|p2a: Gastrodon|88/100 psn|[from] psn\n|-damage|p1a: joshua|59/100 brn|[from] brn\n|upkeep\n|turn|34\n|\n|t:|1790542731\n|switch|p2a: Clefable|Clefable, M|100/100\n|move|p1a: joshua|Roost|p1a: joshua\n|-heal|p1a: joshua|100/100 brn\n|-singleturn|p1a: joshua|move: Roost\n|\n|-damage|p1a: joshua|94/100 brn|[from] brn\n|upkeep\n|turn|35\n|\n|t:|1790542737\n|switch|p1a: Toxapex|Toxapex, F|87/100\n|move|p2a: Clefable|Stealth Rock|p1a: Toxapex\n|-sidestart|p1: MAD MONK FU-ROUGE|move: Stealth Rock\n|\n|upkeep\n|turn|36\n|\n|t:|1790542743\n|switch|p2a: Melmetal|Melmetal|85/100\n|move|p1a: Toxapex|Knock Off|p2a: Melmetal\n|-damage|p2a: Melmetal|76/100\n|\n|upkeep\n|turn|37\n|\n|t:|1790542750\n|switch|p2a: Gastrodon|Gastrodon, M|88/100 psn\n|move|p1a: Toxapex|Liquidation|p2a: Gastrodon\n|-ability|p2a: Gastrodon|Storm Drain|boost\n|-boost|p2a: Gastrodon|spa|1\n|\n|-damage|p2a: Gastrodon|76/100 psn|[from] psn\n|upkeep\n|turn|38\n|\n|t:|1790542759\n|switch|p2a: Tornadus|Tornadus-Therian, M|100/100\n|move|p1a: Toxapex|Knock Off|p2a: Tornadus\n|-damage|p2a: Tornadus|76/100\n|-enditem|p2a: Tornadus|Heavy-Duty Boots|[from] move: Knock Off|[of] p1a: Toxapex\n|\n|upkeep\n|turn|39\n|\n|t:|1790542770\n|move|p2a: Tornadus|U-turn|p1a: Toxapex\n|-resisted|p1a: Toxapex\n|-damage|p1a: Toxapex|82/100\n|\n|t:|1790542772\n|switch|p2a: Gastrodon|Gastrodon, M|76/100 psn|[from] U-turn\n|move|p1a: Toxapex|Gunk Shot|p2a: Gastrodon\n|-resisted|p2a: Gastrodon\n|-damage|p2a: Gastrodon|51/100 psn\n|\n|-damage|p2a: Gastrodon|39/100 psn|[from] psn\n|upkeep\n|turn|40\n|\n|t:|1790542790\n|move|p2a: Gastrodon|Recover|p2a: Gastrodon\n|-heal|p2a: Gastrodon|89/100 psn\n|move|p1a: Toxapex|Knock Off|p2a: Gastrodon\n|-damage|p2a: Gastrodon|73/100 psn\n|\n|-damage|p2a: Gastrodon|60/100 psn|[from] psn\n|upkeep\n|turn|41\n|\n|t:|1790542798\n|move|p2a: Gastrodon|Recover|p2a: Gastrodon\n|-heal|p2a: Gastrodon|100/100 psn\n|move|p1a: Toxapex|Knock Off|p2a: Gastrodon\n|-damage|p2a: Gastrodon|84/100 psn\n|\n|-damage|p2a: Gastrodon|71/100 psn|[from] psn\n|upkeep\n|turn|42\n|\n|t:|1790542805\n|move|p2a: Gastrodon|Scald|p1a: Toxapex\n|-resisted|p1a: Toxapex\n|-damage|p1a: Toxapex|71/100\n|move|p1a: Toxapex|Knock Off|p2a: Gastrodon\n|-damage|p2a: Gastrodon|53/100 psn\n|\n|-damage|p2a: Gastrodon|41/100 psn|[from] psn\n|upkeep\n|turn|43\n|\n|t:|1790542814\n|switch|p1a: Garchomp|Garchomp, M|56/100\n|-damage|p1a: Garchomp|50/100|[from] Stealth Rock\n|move|p2a: Gastrodon|Recover|p2a: Gastrodon\n|-heal|p2a: Gastrodon|91/100 psn\n|\n|-damage|p2a: Gastrodon|79/100 psn|[from] psn\n|upkeep\n|turn|44\n|\n|t:|1790542825\n|switch|p2a: Tapu Koko|Tapu Koko|100/100\n|-fieldstart|move: Electric Terrain|[from] ability: Electric Surge|[of] p2a: Tapu Koko\n|move|p1a: Garchomp|Stealth Rock|p2a: Tapu Koko\n|-sidestart|p2: Baddy|move: Stealth Rock\n|\n|upkeep\n|turn|45\n|\n|t:|1790542831\n|switch|p1a: Landorus|Landorus-Therian, M|99/100\n|-damage|p1a: Landorus|88/100|[from] Stealth Rock\n|-ability|p1a: Landorus|Intimidate|boost\n|-unboost|p2a: Tapu Koko|atk|1\n|move|p2a: Tapu Koko|Dazzling Gleam|p1a: Landorus\n|-damage|p1a: Landorus|63/100\n|\n|-heal|p1a: Landorus|69/100|[from] item: Leftovers\n|upkeep\n|turn|46\n|\n|t:|1790542842\n|switch|p2a: Clefable|Clefable, M|100/100\n|move|p1a: Landorus|Earthquake|p2a: Clefable\n|-damage|p2a: Clefable|66/100\n|\n|-heal|p1a: Landorus|75/100|[from] item: Leftovers\n|-heal|p2a: Clefable|72/100|[from] item: Leftovers\n|upkeep\n|turn|47\n|\n|t:|1790542846\n|move|p1a: Landorus|U-turn|p2a: Clefable\n|-resisted|p2a: Clefable\n|-damage|p2a: Clefable|64/100\n|\n|t:|1790542856\n|switch|p1a: Toxapex|Toxapex, F|100/100|[from] U-turn\n|-damage|p1a: Toxapex|88/100|[from] Stealth Rock\n|move|p2a: Clefable|Knock Off|p1a: Toxapex\n|-damage|p1a: Toxapex|76/100\n|-enditem|p1a: Toxapex|Payapa Berry|[from] move: Knock Off|[of] p2a: Clefable\n|\n|-heal|p2a: Clefable|70/100|[from] item: Leftovers\n|upkeep\n|turn|48\n|inactive|Baddy has 270 seconds left.\n|\n|t:|1790542894\n|move|p2a: Clefable|Soft-Boiled|p2a: Clefable\n|-heal|p2a: Clefable|100/100\n|move|p1a: Toxapex|Liquidation|p2a: Clefable\n|-damage|p2a: Clefable|78/100\n|\n|-heal|p2a: Clefable|85/100|[from] item: Leftovers\n|-fieldend|move: Electric Terrain\n|upkeep\n|turn|49\n|inactive|Baddy has 270 seconds left.\n|\n|t:|1790542904\n|switch|p2a: Gastrodon|Gastrodon, M|79/100 psn\n|-damage|p2a: Gastrodon|72/100 psn|[from] Stealth Rock\n|move|p1a: Toxapex|Knock Off|p2a: Gastrodon\n|-damage|p2a: Gastrodon|54/100 psn\n|\n|-damage|p2a: Gastrodon|41/100 psn|[from] psn\n|upkeep\n|turn|50\n|\n|t:|1790542907\n|move|p2a: Gastrodon|Recover|p2a: Gastrodon\n|-heal|p2a: Gastrodon|92/100 psn\n|move|p1a: Toxapex|Knock Off|p2a: Gastrodon\n|-damage|p2a: Gastrodon|75/100 psn\n|\n|-damage|p2a: Gastrodon|62/100 psn|[from] psn\n|upkeep\n|turn|51\n|\n|t:|1790542912\n|move|p2a: Gastrodon|Scald|p1a: Toxapex\n|-resisted|p1a: Toxapex\n|-crit|p1a: Toxapex\n|-damage|p1a: Toxapex|61/100\n|move|p1a: Toxapex|Knock Off|p2a: Gastrodon\n|-damage|p2a: Gastrodon|44/100 psn\n|\n|-damage|p2a: Gastrodon|32/100 psn|[from] psn\n|upkeep\n|turn|52\n|\n|t:|1790542916\n|switch|p1a: Garchomp|Garchomp, M|50/100\n|-damage|p1a: Garchomp|44/100|[from] Stealth Rock\n|move|p2a: Gastrodon|Recover|p2a: Gastrodon\n|-heal|p2a: Gastrodon|82/100 psn\n|\n|-damage|p2a: Gastrodon|69/100 psn|[from] psn\n|upkeep\n|turn|53\n|\n|t:|1790542946\n|switch|p2a: Tapu Koko|Tapu Koko|100/100\n|-fieldstart|move: Electric Terrain|[from] ability: Electric Surge|[of] p2a: Tapu Koko\n|move|p1a: Garchomp|Draco Meteor|p2a: Tapu Koko\n|-immune|p2a: Tapu Koko\n|\n|upkeep\n|turn|54\n|\n|t:|1790542952\n|switch|p1a: Landorus|Landorus-Therian, M|75/100\n|-damage|p1a: Landorus|62/100|[from] Stealth Rock\n|-ability|p1a: Landorus|Intimidate|boost\n|-unboost|p2a: Tapu Koko|atk|1\n|move|p2a: Tapu Koko|Dazzling Gleam|p1a: Landorus\n|-damage|p1a: Landorus|35/100\n|\n|-heal|p1a: Landorus|41/100|[from] item: Leftovers\n|upkeep\n|turn|55\n|\n|t:|1790542962\n|switch|p2a: Tornadus|Tornadus-Therian, M|100/100\n|-damage|p2a: Tornadus|76/100|[from] Stealth Rock\n|move|p1a: Landorus|U-turn|p2a: Tornadus\n|-resisted|p2a: Tornadus\n|-damage|p2a: Tornadus|63/100\n|\n|t:|1790542967\n|switch|p1a: Tapu Koko|Tapu Koko|86/100|[from] U-turn\n|-damage|p1a: Tapu Koko|74/100|[from] Stealth Rock\n|\n|upkeep\n|turn|56\n|\n|t:|1790542983\n|switch|p2a: Gastrodon|Gastrodon, M|69/100 psn\n|-damage|p2a: Gastrodon|63/100 psn|[from] Stealth Rock\n|move|p1a: Tapu Koko|U-turn|p2a: Gastrodon\n|-damage|p2a: Gastrodon|44/100 psn\n|\n|t:|1790542985\n|switch|p1a: Garchomp|Garchomp, M|44/100|[from] U-turn\n|-damage|p1a: Garchomp|38/100|[from] Stealth Rock\n|\n|-damage|p2a: Gastrodon|32/100 psn|[from] psn\n|upkeep\n|turn|57\n|\n|t:|1790542991\n|switch|p2a: Tornadus|Tornadus-Therian, M|96/100\n|-damage|p2a: Tornadus|71/100|[from] Stealth Rock\n|move|p1a: Garchomp|Earthquake|p2a: Tornadus\n|-immune|p2a: Tornadus\n|\n|-fieldend|move: Electric Terrain\n|upkeep\n|turn|58\n|\n|t:|1790543002\n|switch|p1a: Toxapex|Toxapex, F|95/100\n|-damage|p1a: Toxapex|82/100|[from] Stealth Rock\n|move|p2a: Tornadus|Hurricane|p1a: Toxapex\n|-damage|p1a: Toxapex|50/100\n|-start|p1a: Toxapex|confusion\n|\n|upkeep\n|turn|59\n|\n|t:|1790543014\n|move|p2a: Tornadus|Hurricane|p1a: Toxapex\n|-crit|p1a: Toxapex\n|-damage|p1a: Toxapex|1/100\n|-activate|p1a: Toxapex|confusion\n|move|p1a: Toxapex|Gunk Shot|p2a: Tornadus\n|-damage|p2a: Tornadus|27/100\n|-status|p2a: Tornadus|psn\n|\n|-damage|p2a: Tornadus|14/100 psn|[from] psn\n|upkeep\n|turn|60\n|\n|t:|1790543031\n|switch|p1a: Garchomp|Garchomp, M|38/100\n|-damage|p1a: Garchomp|32/100|[from] Stealth Rock\n|move|p2a: Tornadus|Hurricane|p1a: Garchomp\n|-crit|p1a: Garchomp\n|-damage|p1a: Garchomp|0 fnt\n|faint|p1a: Garchomp\n|\n|-damage|p2a: Tornadus|2/100 psn|[from] psn\n|upkeep\n|inactive|MAD MONK FU-ROUGE has 270 seconds left.\n|\n|t:|1790543063\n|switch|p1a: Tapu Koko|Tapu Koko|74/100\n|-damage|p1a: Tapu Koko|61/100|[from] Stealth Rock\n|-fieldstart|move: Electric Terrain|[from] ability: Electric Surge|[of] p1a: Tapu Koko\n|turn|61\n|\n|t:|1790543080\n|move|p1a: Tapu Koko|Thunderbolt|p2a: Tornadus\n|-supereffective|p2a: Tornadus\n|-damage|p2a: Tornadus|0 fnt\n|faint|p2a: Tornadus\n|\n|upkeep\n|\n|t:|1790543088\n|switch|p2a: Gastrodon|Gastrodon, M|32/100 psn\n|-damage|p2a: Gastrodon|26/100 psn|[from] Stealth Rock\n|turn|62\n|inactive|MAD MONK FU-ROUGE has 270 seconds left.\n|\n|t:|1790543117\n|move|p1a: Tapu Koko|U-turn|p2a: Gastrodon\n|-damage|p2a: Gastrodon|7/100 psn\n|\n|t:|1790543124\n|switch|p1a: Landorus|Landorus-Therian, M|41/100|[from] U-turn\n|-damage|p1a: Landorus|28/100|[from] Stealth Rock\n|-ability|p1a: Landorus|Intimidate|boost\n|-unboost|p2a: Gastrodon|atk|1\n|move|p2a: Gastrodon|Recover|p2a: Gastrodon\n|-heal|p2a: Gastrodon|57/100 psn\n|\n|-heal|p1a: Landorus|34/100|[from] item: Leftovers\n|-damage|p2a: Gastrodon|45/100 psn|[from] psn\n|upkeep\n|turn|63\n|\n|t:|1790543135\n|switch|p2a: Melmetal|Melmetal|76/100\n|-damage|p2a: Melmetal|70/100|[from] Stealth Rock\n|move|p1a: Landorus|Earthquake|p2a: Melmetal\n|-supereffective|p2a: Melmetal\n|-damage|p2a: Melmetal|12/100\n|\n|-heal|p1a: Landorus|40/100|[from] item: Leftovers\n|upkeep\n|turn|64\n|\n|t:|1790543138\n|move|p1a: Landorus|Earthquake|p2a: Melmetal\n|-supereffective|p2a: Melmetal\n|-damage|p2a: Melmetal|0 fnt\n|faint|p2a: Melmetal\n|\n|-heal|p1a: Landorus|46/100|[from] item: Leftovers\n|upkeep\n|\n|t:|1790543142\n|switch|p2a: Clefable|Clefable, M|85/100\n|turn|65\n|inactive|MAD MONK FU-ROUGE has 270 seconds left.\n|\n|t:|1790543160\n|move|p1a: Landorus|U-turn|p2a: Clefable\n|-resisted|p2a: Clefable\n|-damage|p2a: Clefable|76/100\n|\n|t:|1790543170\n|switch|p1a: joshua|Hydreigon, M|94/100 brn|[from] U-turn\n|-damage|p1a: joshua|82/100 brn|[from] Stealth Rock\n|move|p2a: Clefable|Knock Off|p1a: joshua\n|-resisted|p1a: joshua\n|-damage|p1a: joshua|76/100 brn\n|\n|-heal|p2a: Clefable|82/100|[from] item: Leftovers\n|-damage|p1a: joshua|70/100 brn|[from] brn\n|-fieldend|move: Electric Terrain\n|upkeep\n|turn|66\n|\n|t:|1790543176\n|move|p1a: joshua|Flamethrower|p2a: Clefable\n|-damage|p2a: Clefable|55/100\n|move|p2a: Clefable|Knock Off|p1a: joshua\n|-resisted|p1a: joshua\n|-damage|p1a: joshua|64/100 brn\n|\n|-heal|p2a: Clefable|61/100|[from] item: Leftovers\n|-damage|p1a: joshua|58/100 brn|[from] brn\n|upkeep\n|turn|67\n|inactive|MAD MONK FU-ROUGE has 270 seconds left.\n|\n|t:|1790543184\n|switch|p1a: Tapu Koko|Tapu Koko|61/100\n|-damage|p1a: Tapu Koko|49/100|[from] Stealth Rock\n|-fieldstart|move: Electric Terrain|[from] ability: Electric Surge|[of] p1a: Tapu Koko\n|move|p2a: Clefable|Knock Off|p1a: Tapu Koko\n|-resisted|p1a: Tapu Koko\n|-damage|p1a: Tapu Koko|42/100\n|\n|-heal|p2a: Clefable|67/100|[from] item: Leftovers\n|upkeep\n|turn|68\n|\n|t:|1790543191\n|move|p1a: Tapu Koko|U-turn|p2a: Clefable\n|-resisted|p2a: Clefable\n|-damage|p2a: Clefable|60/100\n|\n|t:|1790543195\n|switch|p1a: Toxapex|Toxapex, F|34/100|[from] U-turn\n|-damage|p1a: Toxapex|22/100|[from] Stealth Rock\n|move|p2a: Clefable|Knock Off|p1a: Toxapex\n|-damage|p1a: Toxapex|13/100\n|\n|-heal|p2a: Clefable|66/100|[from] item: Leftovers\n|upkeep\n|turn|69\n|\n|t:|1790543212\n|switch|p2a: Gastrodon|Gastrodon, M|45/100 psn\n|-damage|p2a: Gastrodon|39/100 psn|[from] Stealth Rock\n|switch|p1a: joshua|Hydreigon, M|58/100 brn\n|-damage|p1a: joshua|46/100 brn|[from] Stealth Rock\n|\n|-damage|p2a: Gastrodon|26/100 psn|[from] psn\n|-damage|p1a: joshua|40/100 brn|[from] brn\n|upkeep\n|turn|70\n|\n|t:|1790543222\n|move|p1a: joshua|Dark Pulse|p2a: Gastrodon\n|-damage|p2a: Gastrodon|0 fnt\n|faint|p2a: Gastrodon\n|\n|-damage|p1a: joshua|33/100 brn|[from] brn\n|upkeep\n|\n|t:|1790543225\n|switch|p2a: Clefable|Clefable, M|66/100\n|turn|71\n|\n|t:|1790543228\n|move|p1a: joshua|Roost|p1a: joshua\n|-heal|p1a: joshua|84/100 brn\n|-singleturn|p1a: joshua|move: Roost\n|move|p2a: Clefable|Knock Off|p1a: joshua\n|-resisted|p1a: joshua\n|-damage|p1a: joshua|77/100 brn\n|\n|-heal|p2a: Clefable|72/100|[from] item: Leftovers\n|-damage|p1a: joshua|71/100 brn|[from] brn\n|-fieldend|move: Electric Terrain\n|upkeep\n|turn|72\n|\n|t:|1790543233\n|move|p1a: joshua|Flamethrower|p2a: Clefable\n|-damage|p2a: Clefable|44/100\n|move|p2a: Clefable|Knock Off|p1a: joshua\n|-resisted|p1a: joshua\n|-damage|p1a: joshua|65/100 brn\n|\n|-heal|p2a: Clefable|50/100|[from] item: Leftovers\n|-damage|p1a: joshua|59/100 brn|[from] brn\n|upkeep\n|turn|73\n|\n|t:|1790543238\n|move|p1a: joshua|Flamethrower|p2a: Clefable\n|-crit|p2a: Clefable\n|-damage|p2a: Clefable|9/100\n|move|p2a: Clefable|Knock Off|p1a: joshua\n|-resisted|p1a: joshua\n|-damage|p1a: joshua|53/100 brn\n|\n|-heal|p2a: Clefable|15/100|[from] item: Leftovers\n|-damage|p1a: joshua|47/100 brn|[from] brn\n|upkeep\n|turn|74\n|\n|t:|1790543243\n|move|p1a: joshua|Flamethrower|p2a: Clefable\n|-damage|p2a: Clefable|0 fnt\n|faint|p2a: Clefable\n|\n|-damage|p1a: joshua|41/100 brn|[from] brn\n|upkeep\n|\n|t:|1790543244\n|switch|p2a: Tapu Koko|Tapu Koko|100/100\n|-fieldstart|move: Electric Terrain|[from] ability: Electric Surge|[of] p2a: Tapu Koko\n|turn|75\n|\n|t:|1790543246\n|move|p2a: Tapu Koko|Calm Mind|p2a: Tapu Koko\n|-boost|p2a: Tapu Koko|spa|1\n|-boost|p2a: Tapu Koko|spd|1\n|move|p1a: joshua|Flamethrower|p2a: Tapu Koko\n|-damage|p2a: Tapu Koko|68/100\n|\n|-damage|p1a: joshua|35/100 brn|[from] brn\n|upkeep\n|turn|76\n|inactive|MAD MONK FU-ROUGE has 270 seconds left.\n|\n|t:|1790543277\n|switch|p1a: Landorus|Landorus-Therian, M|46/100\n|-damage|p1a: Landorus|34/100|[from] Stealth Rock\n|-ability|p1a: Landorus|Intimidate|boost\n|-unboost|p2a: Tapu Koko|atk|1\n|move|p2a: Tapu Koko|Calm Mind|p2a: Tapu Koko\n|-boost|p2a: Tapu Koko|spa|1\n|-boost|p2a: Tapu Koko|spd|1\n|\n|-heal|p1a: Landorus|40/100|[from] item: Leftovers\n|upkeep\n|turn|77\n|inactive|MAD MONK FU-ROUGE has 270 seconds left.\n|\n|t:|1790543307\n|switch|p1a: Toxapex|Toxapex, F|47/100\n|-damage|p1a: Toxapex|34/100|[from] Stealth Rock\n|move|p2a: Tapu Koko|Dazzling Gleam|p1a: Toxapex\n|-resisted|p1a: Toxapex\n|-damage|p1a: Toxapex|8/100\n|\n|upkeep\n|turn|78\n|inactive|MAD MONK FU-ROUGE has 240 seconds left.\n|\n|t:|1790543331\n|move|p2a: Tapu Koko|Dazzling Gleam|p1a: Toxapex\n|-resisted|p1a: Toxapex\n|-damage|p1a: Toxapex|0 fnt\n|faint|p1a: Toxapex\n|\n|upkeep\n|inactive|MAD MONK FU-ROUGE has 240 seconds left.\n|\n|t:|1790543348\n|switch|p1a: Landorus|Landorus-Therian, M|40/100\n|-damage|p1a: Landorus|28/100|[from] Stealth Rock\n|-ability|p1a: Landorus|Intimidate|boost\n|-unboost|p2a: Tapu Koko|atk|1\n|turn|79\n|\n|t:|1790543353\n|move|p2a: Tapu Koko|Dazzling Gleam|p1a: Landorus\n|-damage|p1a: Landorus|0 fnt\n|faint|p1a: Landorus\n|\n|-fieldend|move: Electric Terrain\n|upkeep\n|inactive|MAD MONK FU-ROUGE has 240 seconds left.\n|\n|t:|1790543360\n|switch|p1a: Scizor|Scizor, M|100/100\n|turn|80\n|inactive|MAD MONK FU-ROUGE has 240 seconds left.\n|inactive|MAD MONK FU-ROUGE has 210 seconds left.\n|\n|t:|1790543409\n|move|p1a: Scizor|Bullet Punch|p2a: Tapu Koko\n|-damage|p2a: Tapu Koko|33/100\n|move|p2a: Tapu Koko|Roost|p2a: Tapu Koko\n|-heal|p2a: Tapu Koko|83/100\n|-singleturn|p2a: Tapu Koko|move: Roost\n|\n|upkeep\n|turn|81\n|\n|t:|1790543414\n|move|p2a: Tapu Koko|Volt Switch|p1a: Scizor\n|-damage|p1a: Scizor|34/100\n|move|p1a: Scizor|Swords Dance|p1a: Scizor\n|-boost|p1a: Scizor|atk|2\n|\n|upkeep\n|turn|82\n|\n|t:|1790543417\n|move|p1a: Scizor|Bullet Punch|p2a: Tapu Koko\n|-damage|p2a: Tapu Koko|16/100\n|move|p2a: Tapu Koko|Volt Switch|p1a: Scizor\n|-damage|p1a: Scizor|0 fnt\n|faint|p1a: Scizor\n|\n|upkeep\n|\n|t:|1790543422\n|switch|p1a: Tapu Koko|Tapu Koko|42/100\n|-damage|p1a: Tapu Koko|30/100|[from] Stealth Rock\n|-fieldstart|move: Electric Terrain|[from] ability: Electric Surge|[of] p1a: Tapu Koko\n|turn|83\n|\n|t:|1790543424\n|move|p1a: Tapu Koko|Dazzling Gleam|p2a: Tapu Koko\n|-damage|p2a: Tapu Koko|0 fnt\n|faint|p2a: Tapu Koko\n|\n|win|MAD MONK FU-ROUGE\n|c|\u2606Baddy|gg\n", "uploadtime": 1790543424, "views": "71", "formatid": "gen8ou", "rating": null, "private": 0, "password": null}