{"id": "smogtours-gen8ou-977289", "format": "[Gen 8] OU", "players": ["Metallica126", "django"], "log": "|inactive|Battle timer is ON: inactive players will automatically lose when time's up.\n|badge|p2|bronze|gen9nu|100-11\n|uhtml|medal-msg|<div class=\"broadcast-blue\">Curious what those medals under the avatar are? PS now has Ladder Seasons! For more information, check out the <a href=\"https://www.smogon.com/forums/threads/3740067/\">thread on Smogon.</a></div>\n|t:|1791284536\n|gametype|singles\n|player|p1|Metallica126|#scl6dynamos|\n|player|p2|django|#scl6platoon2|\n|gen|8\n|tier|[Gen 8] OU\n|rule|HP Percentage Mod: HP is shown in percentages\n|rule|Endless Battle Clause: Forcing endless battles is banned\n|rule|Sleep Clause Mod: Limit one foe put to sleep\n|rule|Species Clause: Limit one of each Pok\u00e9mon\n|rule|OHKO Clause: OHKO moves are banned\n|rule|Evasion Items Clause: Evasion items are banned\n|rule|Evasion Moves Clause: Evasion moves are banned\n|rule|Dynamax Clause: You cannot dynamax\n|clearpoke\n|poke|p1|Tapu Lele|\n|poke|p1|Kartana|\n|poke|p1|Garchomp, M|\n|poke|p1|Clefable, F|\n|poke|p1|Ferrothorn, M|\n|poke|p1|Zapdos|\n|poke|p2|Urshifu-*, M|\n|poke|p2|Slowking-Galar, M|\n|poke|p2|Ferrothorn, F|\n|poke|p2|Weavile, F|\n|poke|p2|Garchomp, M|\n|poke|p2|Zapdos|\n|teampreview\n|c|\u2606django|glhf\n|c|\u2606Metallica126|hf\n|inactive|django has 270 seconds left.\n|inactive|django has 240 seconds left.\n|\n|t:|1791284604\n|teamsize|p1|6\n|teamsize|p2|6\n|start\n|switch|p1a: Zapdos|Zapdos|100/100\n|switch|p2a: Weavile|Weavile, F|100/100\n|turn|1\n|\n|t:|1791284631\n|switch|p2a: Garchomp|Garchomp, M|100/100\n|switch|p1a: Ferrothorn|Ferrothorn, M|100/100\n|\n|upkeep\n|turn|2\n|\n|t:|1791284638\n|move|p2a: Garchomp|Stealth Rock|p1a: Ferrothorn\n|-sidestart|p1: Metallica126|move: Stealth Rock\n|move|p1a: Ferrothorn|Leech Seed|p2a: Garchomp\n|-start|p2a: Garchomp|move: Leech Seed\n|\n|-damage|p2a: Garchomp|88/100|[from] Leech Seed|[of] p1a: Ferrothorn\n|upkeep\n|turn|3\n|\n|t:|1791284644\n|switch|p2a: Ferrothorn|Ferrothorn, F|100/100\n|move|p1a: Ferrothorn|Spikes|p2a: Ferrothorn\n|-sidestart|p2: django|Spikes\n|\n|upkeep\n|turn|4\n|\n|t:|1791284658\n|move|p1a: Ferrothorn|Knock Off|p2a: Ferrothorn\n|-damage|p2a: Ferrothorn|87/100\n|-damage|p1a: Ferrothorn|88/100|[from] ability: Iron Barbs|[of] p2a: Ferrothorn\n|-enditem|p2a: Ferrothorn|Leftovers|[from] move: Knock Off|[of] p1a: Ferrothorn\n|move|p2a: Ferrothorn|Spikes|p1a: Ferrothorn\n|-sidestart|p1: Metallica126|Spikes\n|\n|-heal|p1a: Ferrothorn|94/100|[from] item: Leftovers\n|upkeep\n|turn|5\n|\n|t:|1791284664\n|switch|p1a: Clefable|Clefable, F|100/100\n|move|p2a: Ferrothorn|Knock Off|p1a: Clefable\n|-resisted|p1a: Clefable\n|-damage|p1a: Clefable|92/100\n|-enditem|p1a: Clefable|Leftovers|[from] move: Knock Off|[of] p2a: Ferrothorn\n|\n|upkeep\n|turn|6\n|\n|t:|1791284671\n|switch|p2a: Slowking|Slowking-Galar, M|100/100\n|-damage|p2a: Slowking|88/100|[from] Spikes\n|move|p1a: Clefable|Thunder Wave|p2a: Slowking\n|-status|p2a: Slowking|par\n|\n|upkeep\n|turn|7\n|\n|t:|1791284677\n|move|p1a: Clefable|Stealth Rock|p2a: Slowking\n|-sidestart|p2: django|move: Stealth Rock\n|cant|p2a: Slowking|par\n|\n|upkeep\n|turn|8\n|\n|t:|1791284686\n|switch|p1a: Garchomp|Garchomp, M|100/100\n|-damage|p1a: Garchomp|94/100|[from] Stealth Rock\n|-damage|p1a: Garchomp|82/100|[from] Spikes\n|move|p2a: Slowking|Future Sight|p1a: Garchomp\n|-start|p2a: Slowking|move: Future Sight\n|\n|-heal|p1a: Garchomp|88/100|[from] item: Leftovers\n|upkeep\n|turn|9\n|\n|t:|1791284699\n|switch|p2a: Zapdos|Zapdos|100/100\n|move|p1a: Garchomp|Earthquake|p2a: Zapdos\n|-immune|p2a: Zapdos\n|\n|-heal|p1a: Garchomp|94/100|[from] item: Leftovers\n|upkeep\n|turn|10\n|\n|t:|1791284727\n|move|p2a: Zapdos|Toxic|p1a: Garchomp\n|-status|p1a: Garchomp|tox\n|move|p1a: Garchomp|Swords Dance|p1a: Garchomp\n|-boost|p1a: Garchomp|atk|2\n|\n|-end|p1a: Garchomp|move: Future Sight\n|-damage|p1a: Garchomp|34/100 tox\n|-heal|p1a: Garchomp|40/100 tox|[from] item: Leftovers\n|-damage|p1a: Garchomp|34/100 tox|[from] psn\n|upkeep\n|turn|11\n|\n|t:|1791284741\n|switch|p1a: Zapdos|Zapdos|100/100\n|move|p2a: Zapdos|Heat Wave|p1a: Zapdos\n|-damage|p1a: Zapdos|71/100\n|-status|p1a: Zapdos|brn\n|\n|-damage|p1a: Zapdos|64/100 brn|[from] brn\n|upkeep\n|turn|12\n|\n|t:|1791284751\n|switch|p2a: Slowking|Slowking-Galar, M|100/100 par\n|-damage|p2a: Slowking|88/100 par|[from] Spikes\n|-damage|p2a: Slowking|76/100 par|[from] Stealth Rock\n|move|p1a: Zapdos|Roost|p1a: Zapdos\n|-heal|p1a: Zapdos|100/100 brn\n|-singleturn|p1a: Zapdos|move: Roost\n|\n|-damage|p1a: Zapdos|94/100 brn|[from] brn\n|upkeep\n|turn|13\n|\n|t:|1791284754\n|move|p1a: Zapdos|Hurricane|p2a: Slowking\n|-damage|p2a: Slowking|46/100 par\n|move|p2a: Slowking|Future Sight|p1a: Zapdos\n|-start|p2a: Slowking|move: Future Sight\n|\n|-damage|p1a: Zapdos|88/100 brn|[from] brn\n|upkeep\n|turn|14\n|\n|t:|1791284764\n|switch|p2a: Zapdos|Zapdos|100/100\n|move|p1a: Zapdos|Hurricane|p2a: Zapdos|[miss]\n|-miss|p1a: Zapdos|p2a: Zapdos\n|\n|-damage|p1a: Zapdos|82/100 brn|[from] brn\n|upkeep\n|turn|15\n|\n|t:|1791284771\n|move|p2a: Zapdos|Volt Switch|p1a: Zapdos\n|-damage|p1a: Zapdos|52/100 brn\n|\n|t:|1791284791\n|switch|p2a: Garchomp|Garchomp, M|88/100|[from] Volt Switch\n|-damage|p2a: Garchomp|76/100|[from] Spikes\n|-damage|p2a: Garchomp|70/100|[from] Stealth Rock\n|move|p1a: Zapdos|Volt Switch|p2a: Garchomp\n|-immune|p2a: Garchomp\n|\n|-end|p1a: Zapdos|move: Future Sight\n|-damage|p1a: Zapdos|0 fnt\n|faint|p1a: Zapdos\n|-heal|p2a: Garchomp|76/100|[from] item: Leftovers\n|upkeep\n|\n|t:|1791284797\n|switch|p1a: Clefable|Clefable, F|92/100\n|turn|16\n|\n|t:|1791284805\n|switch|p2a: Slowking|Slowking-Galar, M|80/100 par\n|-damage|p2a: Slowking|67/100 par|[from] Spikes\n|-damage|p2a: Slowking|55/100 par|[from] Stealth Rock\n|move|p1a: Clefable|Moonblast|p2a: Slowking\n|-resisted|p2a: Slowking\n|-damage|p2a: Slowking|47/100 par\n|\n|upkeep\n|turn|17\n|\n|t:|1791284810\n|switch|p1a: Ferrothorn|Ferrothorn, M|94/100\n|-damage|p1a: Ferrothorn|88/100|[from] Stealth Rock\n|-damage|p1a: Ferrothorn|75/100|[from] Spikes\n|move|p2a: Slowking|Future Sight|p1a: Ferrothorn\n|-start|p2a: Slowking|move: Future Sight\n|\n|-heal|p1a: Ferrothorn|82/100|[from] item: Leftovers\n|upkeep\n|turn|18\n|\n|t:|1791284821\n|move|p2a: Slowking|Flamethrower|p1a: Ferrothorn\n|-supereffective|p1a: Ferrothorn\n|-damage|p1a: Ferrothorn|11/100\n|move|p1a: Ferrothorn|Knock Off|p2a: Slowking\n|-supereffective|p2a: Slowking\n|-crit|p2a: Slowking\n|-damage|p2a: Slowking|0 fnt\n|-enditem|p2a: Slowking|Assault Vest|[from] move: Knock Off|[of] p1a: Ferrothorn\n|faint|p2a: Slowking\n|\n|-heal|p1a: Ferrothorn|18/100|[from] item: Leftovers\n|upkeep\n|\n|t:|1791284830\n|switch|p2a: Zapdos|Zapdos|100/100\n|turn|19\n|\n|t:|1791284833\n|switch|p1a: Garchomp|Garchomp, M|34/100 tox\n|-damage|p1a: Garchomp|28/100 tox|[from] Stealth Rock\n|-damage|p1a: Garchomp|15/100 tox|[from] Spikes\n|move|p2a: Zapdos|Heat Wave|p1a: Garchomp\n|-resisted|p1a: Garchomp\n|-damage|p1a: Garchomp|2/100 tox\n|\n|-end|p1a: Garchomp|move: Future Sight\n|-damage|p1a: Garchomp|0 fnt\n|faint|p1a: Garchomp\n|upkeep\n|\n|t:|1791284834\n|switch|p1a: Tapu Lele|Tapu Lele|100/100\n|-damage|p1a: Tapu Lele|88/100|[from] Stealth Rock\n|-damage|p1a: Tapu Lele|76/100|[from] Spikes\n|-fieldstart|move: Psychic Terrain|[from] ability: Psychic Surge|[of] p1a: Tapu Lele\n|turn|20\n|\n|t:|1791284852\n|move|p2a: Zapdos|Volt Switch|p1a: Tapu Lele\n|-damage|p1a: Tapu Lele|42/100\n|\n|t:|1791284859\n|switch|p2a: Ferrothorn|Ferrothorn, F|87/100|[from] Volt Switch\n|-damage|p2a: Ferrothorn|74/100|[from] Spikes\n|-damage|p2a: Ferrothorn|68/100|[from] Stealth Rock\n|move|p1a: Tapu Lele|Psychic|p2a: Ferrothorn\n|-resisted|p2a: Ferrothorn\n|-damage|p2a: Ferrothorn|26/100\n|\n|upkeep\n|turn|21\n|\n|t:|1791284868\n|switch|p1a: Clefable|Clefable, F|92/100\n|switch|p2a: Weavile|Weavile, F|100/100\n|\n|upkeep\n|turn|22\n|\n|t:|1791284895\n|switch|p2a: Zapdos|Zapdos|100/100\n|move|p1a: Clefable|Thunder Wave|p2a: Zapdos\n|-immune|p2a: Zapdos\n|\n|upkeep\n|turn|23\n|\n|t:|1791284906\n|move|p2a: Zapdos|Volt Switch|p1a: Clefable\n|-damage|p1a: Clefable|63/100\n|\n|t:|1791284911\n|switch|p2a: Ferrothorn|Ferrothorn, F|26/100|[from] Volt Switch\n|-damage|p2a: Ferrothorn|14/100|[from] Spikes\n|-damage|p2a: Ferrothorn|8/100|[from] Stealth Rock\n|move|p1a: Clefable|Soft-Boiled|p1a: Clefable\n|-heal|p1a: Clefable|100/100\n|\n|upkeep\n|turn|24\n|\n|t:|1791284916\n|move|p1a: Clefable|Moonblast|p2a: Ferrothorn\n|-resisted|p2a: Ferrothorn\n|-damage|p2a: Ferrothorn|0 fnt\n|faint|p2a: Ferrothorn\n|\n|-fieldend|move: Psychic Terrain\n|upkeep\n|inactive|django has 270 seconds left.\n|\n|t:|1791284946\n|switch|p2a: Garchomp|Garchomp, M|76/100\n|-damage|p2a: Garchomp|64/100|[from] Spikes\n|-damage|p2a: Garchomp|57/100|[from] Stealth Rock\n|turn|25\n|\n|t:|1791284948\n|move|p2a: Garchomp|Earthquake|p1a: Clefable\n|-damage|p1a: Clefable|60/100\n|move|p1a: Clefable|Moonblast|p2a: Garchomp\n|-supereffective|p2a: Garchomp\n|-damage|p2a: Garchomp|0 fnt\n|faint|p2a: Garchomp\n|\n|upkeep\n|inactive|django has 270 seconds left.\n|\n|t:|1791284966\n|switch|p2a: Weavile|Weavile, F|100/100\n|turn|26\n|inactive|django has 270 seconds left.\n|inactive|Metallica126 has 270 seconds left.\n|\n|t:|1791285007\n|switch|p1a: Ferrothorn|Ferrothorn, M|18/100\n|-damage|p1a: Ferrothorn|11/100|[from] Stealth Rock\n|-damage|p1a: Ferrothorn|0 fnt|[from] Spikes\n|faint|p1a: Ferrothorn\n|move|p2a: Weavile|Triple Axel|p1: Ferrothorn|[notarget]\n|-fail|p2a: Weavile\n|\n|upkeep\n|\n|t:|1791285008\n|switch|p1a: Kartana|Kartana|100/100\n|-damage|p1a: Kartana|94/100|[from] Stealth Rock\n|-damage|p1a: Kartana|82/100|[from] Spikes\n|turn|27\n|inactive|Metallica126 has 270 seconds left.\n|\n|t:|1791285017\n|switch|p2a: Zapdos|Zapdos|100/100\n|move|p1a: Kartana|Knock Off|p2a: Zapdos\n|-damage|p2a: Zapdos|56/100\n|-status|p1a: Kartana|par|[from] ability: Static|[of] p2a: Zapdos\n|-enditem|p2a: Zapdos|Heavy-Duty Boots|[from] move: Knock Off|[of] p1a: Kartana\n|\n|upkeep\n|turn|28\n|c|\u2606Metallica126|...\n|inactive|Metallica126 has 270 seconds left.\n|c|\u2606Metallica126|sad\n|inactive|django has 270 seconds left.\n|\n|t:|1791285033\n|move|p2a: Zapdos|Volt Switch|p1a: Kartana\n|-resisted|p1a: Kartana\n|-damage|p1a: Kartana|34/100 par\n|inactive|django has 270 seconds left.\n|\n|t:|1791285040\n|switch|p2a: Urshifu|Urshifu-Rapid-Strike, M|100/100|[from] Volt Switch\n|-damage|p2a: Urshifu|88/100|[from] Spikes\n|-damage|p2a: Urshifu|82/100|[from] Stealth Rock\n|move|p1a: Kartana|Knock Off|p2a: Urshifu\n|-resisted|p2a: Urshifu\n|-damage|p2a: Urshifu|60/100\n|-enditem|p2a: Urshifu|Protective Pads|[from] move: Knock Off|[of] p1a: Kartana\n|\n|upkeep\n|turn|29\n|\n|t:|1791285049\n|move|p2a: Urshifu|Surging Strikes|p1a: Kartana\n|-resisted|p1a: Kartana\n|-crit|p1a: Kartana\n|-damage|p1a: Kartana|23/100 par\n|-resisted|p1a: Kartana\n|-crit|p1a: Kartana\n|-damage|p1a: Kartana|11/100 par\n|-resisted|p1a: Kartana\n|-crit|p1a: Kartana\n|-damage|p1a: Kartana|0 fnt\n|faint|p1a: Kartana\n|-hitcount|p1: Kartana|3\n|\n|upkeep\n|\n|t:|1791285052\n|switch|p1a: Clefable|Clefable, F|60/100\n|turn|30\n|\n|t:|1791285057\n|move|p2a: Urshifu|Surging Strikes|p1a: Clefable\n|-crit|p1a: Clefable\n|-damage|p1a: Clefable|42/100\n|-crit|p1a: Clefable\n|-damage|p1a: Clefable|25/100\n|-crit|p1a: Clefable\n|-damage|p1a: Clefable|8/100\n|-hitcount|p1a: Clefable|3\n|move|p1a: Clefable|Soft-Boiled|p1a: Clefable\n|-heal|p1a: Clefable|58/100\n|\n|upkeep\n|turn|31\n|\n|t:|1791285061\n|move|p2a: Urshifu|Surging Strikes|p1a: Clefable\n|-crit|p1a: Clefable\n|-damage|p1a: Clefable|41/100\n|-crit|p1a: Clefable\n|-damage|p1a: Clefable|25/100\n|-crit|p1a: Clefable\n|-damage|p1a: Clefable|8/100\n|-hitcount|p1a: Clefable|3\n|move|p1a: Clefable|Soft-Boiled|p1a: Clefable\n|-heal|p1a: Clefable|58/100\n|\n|upkeep\n|turn|32\n|\n|t:|1791285067\n|switch|p2a: Weavile|Weavile, F|100/100\n|move|p1a: Clefable|Soft-Boiled|p1a: Clefable\n|-heal|p1a: Clefable|100/100\n|\n|upkeep\n|turn|33\n|\n|t:|1791285070\n|move|p2a: Weavile|Swords Dance|p2a: Weavile\n|-boost|p2a: Weavile|atk|2\n|move|p1a: Clefable|Thunder Wave|p2a: Weavile\n|-status|p2a: Weavile|par\n|\n|upkeep\n|turn|34\n|\n|t:|1791285072\n|switch|p1a: Tapu Lele|Tapu Lele|42/100\n|-damage|p1a: Tapu Lele|30/100|[from] Stealth Rock\n|-damage|p1a: Tapu Lele|18/100|[from] Spikes\n|-fieldstart|move: Psychic Terrain|[from] ability: Psychic Surge|[of] p1a: Tapu Lele\n|cant|p2a: Weavile|par\n|\n|upkeep\n|turn|35\n|\n|t:|1791285093\n|switch|p2a: Zapdos|Zapdos|56/100\n|-damage|p2a: Zapdos|31/100|[from] Stealth Rock\n|move|p1a: Tapu Lele|Moonblast|p2a: Zapdos\n|-damage|p2a: Zapdos|0 fnt\n|faint|p2a: Zapdos\n|\n|upkeep\n|c|\u2606Metallica126|:( my bad\n|\n|t:|1791285102\n|switch|p2a: Urshifu|Urshifu-Rapid-Strike, M|60/100\n|-damage|p2a: Urshifu|48/100|[from] Spikes\n|-damage|p2a: Urshifu|42/100|[from] Stealth Rock\n|turn|36\n|\n|t:|1791285110\n|move|p2a: Urshifu|Surging Strikes|p1a: Tapu Lele\n|-crit|p1a: Tapu Lele\n|-damage|p1a: Tapu Lele|0 fnt\n|faint|p1a: Tapu Lele\n|-hitcount|p1: Tapu Lele|1\n|\n|upkeep\n|\n|t:|1791285111\n|switch|p1a: Clefable|Clefable, F|100/100\n|turn|37\n|\n|t:|1791285113\n|move|p2a: Urshifu|Surging Strikes|p1a: Clefable\n|-crit|p1a: Clefable\n|-damage|p1a: Clefable|85/100\n|-crit|p1a: Clefable\n|-damage|p1a: Clefable|68/100\n|-crit|p1a: Clefable\n|-damage|p1a: Clefable|53/100\n|-hitcount|p1a: Clefable|3\n|move|p1a: Clefable|Soft-Boiled|p1a: Clefable\n|-heal|p1a: Clefable|100/100\n|\n|upkeep\n|turn|38\n|\n|t:|1791285117\n|move|p2a: Urshifu|Surging Strikes|p1a: Clefable\n|-crit|p1a: Clefable\n|-damage|p1a: Clefable|83/100\n|-crit|p1a: Clefable\n|-damage|p1a: Clefable|66/100\n|-crit|p1a: Clefable\n|-damage|p1a: Clefable|49/100\n|-hitcount|p1a: Clefable|3\n|move|p1a: Clefable|Soft-Boiled|p1a: Clefable\n|-heal|p1a: Clefable|99/100\n|\n|-fieldend|move: Psychic Terrain\n|upkeep\n|turn|39\n|\n|t:|1791285120\n|switch|p2a: Weavile|Weavile, F|100/100 par\n|move|p1a: Clefable|Soft-Boiled|p1a: Clefable\n|-heal|p1a: Clefable|100/100\n|\n|upkeep\n|turn|40\n|\n|t:|1791285122\n|move|p2a: Weavile|Swords Dance|p2a: Weavile\n|-boost|p2a: Weavile|atk|2\n|move|p1a: Clefable|Moonblast|p2a: Weavile\n|-supereffective|p2a: Weavile\n|-damage|p2a: Weavile|11/100 par\n|\n|upkeep\n|turn|41\n|\n|t:|1791285125\n|cant|p2a: Weavile|par\n|move|p1a: Clefable|Moonblast|p2a: Weavile\n|-supereffective|p2a: Weavile\n|-damage|p2a: Weavile|0 fnt\n|faint|p2a: Weavile\n|\n|upkeep\n|c|\u2606django|rip\n|\n|t:|1791285131\n|switch|p2a: Urshifu|Urshifu-Rapid-Strike, M|42/100\n|-damage|p2a: Urshifu|30/100|[from] Spikes\n|-damage|p2a: Urshifu|23/100|[from] Stealth Rock\n|turn|42\n|\n|t:|1791285134\n|move|p2a: Urshifu|Surging Strikes|p1a: Clefable\n|-crit|p1a: Clefable\n|-damage|p1a: Clefable|83/100\n|-crit|p1a: Clefable\n|-damage|p1a: Clefable|66/100\n|-crit|p1a: Clefable\n|-damage|p1a: Clefable|50/100\n|-hitcount|p1a: Clefable|3\n|move|p1a: Clefable|Moonblast|p2a: Urshifu\n|-supereffective|p2a: Urshifu\n|-damage|p2a: Urshifu|0 fnt\n|faint|p2a: Urshifu\n|\n|win|Metallica126\n", "uploadtime": 1791285134, "views": "110", "formatid": "gen8ou", "rating": null, "private": 0, "password": null}