{"id": "smogtours-gen8ou-977606", "format": "[Gen 8] OU", "players": ["00xfn", "anos luz"], "log": "|inactive|Battle timer is ON: inactive players will automatically lose when time's up.\n|t:|1791423045\n|gametype|singles\n|player|p1|00xfn|dawn|\n|player|p2|anos luz|dawn|\n|gen|8\n|tier|[Gen 8] OU\n|rule|HP Percentage Mod: HP is shown in percentages\n|rule|Endless Battle Clause: Forcing endless battles is banned\n|rule|Sleep Clause Mod: Limit one foe put to sleep\n|rule|Species Clause: Limit one of each Pok\u00e9mon\n|rule|OHKO Clause: OHKO moves are banned\n|rule|Evasion Items Clause: Evasion items are banned\n|rule|Evasion Moves Clause: Evasion moves are banned\n|rule|Dynamax Clause: You cannot dynamax\n|clearpoke\n|poke|p1|Weavile, M|\n|poke|p1|Nidoking, M|\n|poke|p1|Tornadus-Therian, M|\n|poke|p1|Ferrothorn, M|\n|poke|p1|Landorus-Therian, M|\n|poke|p1|Urshifu-*, M|\n|poke|p2|Tapu Koko|\n|poke|p2|Skarmory, M|\n|poke|p2|Reuniclus, F|\n|poke|p2|Clefable, F|\n|poke|p2|Hippowdon, F|\n|poke|p2|Toxapex, M|\n|teampreview\n|c|\u2606anos luz|hf\n|c|\u260600xfn|hf2\n|\n|t:|1791423071\n|teamsize|p1|6\n|teamsize|p2|6\n|start\n|switch|p1a: Nidoking|Nidoking, M|100/100\n|switch|p2a: Toxapex|Toxapex, M|100/100\n|turn|1\n|\n|t:|1791423075\n|switch|p2a: Reuniclus|Reuniclus, F|100/100\n|move|p1a: Nidoking|Earth Power|p2a: Reuniclus\n|-damage|p2a: Reuniclus|56/100\n|\n|-heal|p2a: Reuniclus|62/100|[from] item: Leftovers\n|upkeep\n|turn|2\n|inactive|00xfn has 270 seconds left.\n|\n|t:|1791423108\n|switch|p1a: Weavile|Weavile, M|100/100\n|move|p2a: Reuniclus|Recover|p2a: Reuniclus\n|-heal|p2a: Reuniclus|100/100\n|\n|upkeep\n|turn|3\n|\n|t:|1791423114\n|switch|p2a: Skarmory|Skarmory, M|100/100\n|move|p1a: Weavile|Knock Off|p2a: Skarmory\n|-damage|p2a: Skarmory|69/100\n|-damage|p1a: Weavile|84/100|[from] item: Rocky Helmet|[of] p2a: Skarmory\n|-enditem|p2a: Skarmory|Rocky Helmet|[from] move: Knock Off|[of] p1a: Weavile\n|\n|upkeep\n|turn|4\n|\n|t:|1791423123\n|switch|p1a: Nidoking|Nidoking, M|100/100\n|move|p2a: Skarmory|Roost|p2a: Skarmory\n|-heal|p2a: Skarmory|100/100\n|-singleturn|p2a: Skarmory|move: Roost\n|\n|upkeep\n|turn|5\n|\n|t:|1791423130\n|switch|p2a: Reuniclus|Reuniclus, F|100/100\n|move|p1a: Nidoking|Earth Power|p2a: Reuniclus\n|-damage|p2a: Reuniclus|59/100\n|\n|-heal|p2a: Reuniclus|65/100|[from] item: Leftovers\n|upkeep\n|turn|6\n|\n|t:|1791423144\n|move|p1a: Nidoking|Sludge Wave|p2a: Reuniclus\n|-damage|p2a: Reuniclus|15/100\n|move|p2a: Reuniclus|Recover|p2a: Reuniclus\n|-heal|p2a: Reuniclus|65/100\n|\n|-heal|p2a: Reuniclus|71/100|[from] item: Leftovers\n|upkeep\n|turn|7\n|\n|t:|1791423152\n|switch|p1a: Weavile|Weavile, M|84/100\n|move|p2a: Reuniclus|Recover|p2a: Reuniclus\n|-heal|p2a: Reuniclus|100/100\n|\n|upkeep\n|turn|8\n|\n|t:|1791423163\n|switch|p1a: Nidoking|Nidoking, M|100/100\n|switch|p2a: Skarmory|Skarmory, M|100/100\n|\n|upkeep\n|turn|9\n|inactive|00xfn has 270 seconds left.\n|inactive|00xfn disconnected and has 300 seconds to reconnect!\n|player|p1|\n|inactive|00xfn reconnected and has 270 seconds left.\n|player|p1|00xfn|dawn|\n|\n|t:|1791423213\n|switch|p2a: Reuniclus|Reuniclus, F|100/100\n|move|p1a: Nidoking|Sludge Wave|p2a: Reuniclus\n|-damage|p2a: Reuniclus|50/100\n|\n|-heal|p2a: Reuniclus|56/100|[from] item: Leftovers\n|upkeep\n|turn|10\n|inactive|00xfn has 270 seconds left.\n|\n|t:|1791423225\n|switch|p1a: Weavile|Weavile, M|84/100\n|move|p2a: Reuniclus|Recover|p2a: Reuniclus\n|-heal|p2a: Reuniclus|100/100\n|\n|upkeep\n|turn|11\n|\n|t:|1791423229\n|switch|p2a: Skarmory|Skarmory, M|100/100\n|move|p1a: Weavile|Knock Off|p2a: Skarmory\n|-damage|p2a: Skarmory|82/100\n|\n|upkeep\n|turn|12\n|\n|t:|1791423232\n|switch|p1a: Nidoking|Nidoking, M|100/100\n|move|p2a: Skarmory|Spikes|p1a: Nidoking\n|-sidestart|p1: 00xfn|Spikes\n|\n|upkeep\n|turn|13\n|\n|t:|1791423236\n|switch|p2a: Reuniclus|Reuniclus, F|100/100\n|move|p1a: Nidoking|Sludge Wave|p2a: Reuniclus\n|-damage|p2a: Reuniclus|52/100\n|\n|-heal|p2a: Reuniclus|58/100|[from] item: Leftovers\n|upkeep\n|turn|14\n|\n|t:|1791423238\n|move|p1a: Nidoking|Sludge Wave|p2a: Reuniclus\n|-damage|p2a: Reuniclus|9/100\n|move|p2a: Reuniclus|Recover|p2a: Reuniclus\n|-heal|p2a: Reuniclus|59/100\n|\n|-heal|p2a: Reuniclus|65/100|[from] item: Leftovers\n|upkeep\n|turn|15\n|\n|t:|1791423240\n|move|p1a: Nidoking|Sludge Wave|p2a: Reuniclus\n|-damage|p2a: Reuniclus|20/100\n|move|p2a: Reuniclus|Recover|p2a: Reuniclus\n|-heal|p2a: Reuniclus|70/100\n|\n|-heal|p2a: Reuniclus|77/100|[from] item: Leftovers\n|upkeep\n|turn|16\n|\n|t:|1791423247\n|move|p1a: Nidoking|Sludge Wave|p2a: Reuniclus\n|-damage|p2a: Reuniclus|30/100\n|move|p2a: Reuniclus|Knock Off|p1a: Nidoking\n|-damage|p1a: Nidoking|80/100\n|-enditem|p1a: Nidoking|Life Orb|[from] move: Knock Off|[of] p2a: Reuniclus\n|\n|-heal|p2a: Reuniclus|36/100|[from] item: Leftovers\n|upkeep\n|turn|17\n|\n|t:|1791423253\n|switch|p2a: Hippowdon|Hippowdon, F|100/100\n|-weather|Sandstorm|[from] ability: Sand Stream|[of] p2a: Hippowdon\n|move|p1a: Nidoking|Earth Power|p2a: Hippowdon\n|-damage|p2a: Hippowdon|64/100\n|\n|-weather|Sandstorm|[upkeep]\n|-heal|p2a: Hippowdon|71/100|[from] item: Leftovers\n|upkeep\n|turn|18\n|\n|t:|1791423260\n|switch|p1a: Urshifu|Urshifu-Rapid-Strike, M|100/100\n|-damage|p1a: Urshifu|88/100|[from] Spikes\n|move|p2a: Hippowdon|Slack Off|p2a: Hippowdon\n|-heal|p2a: Hippowdon|100/100\n|\n|-weather|Sandstorm|[upkeep]\n|-damage|p1a: Urshifu|82/100|[from] Sandstorm\n|upkeep\n|turn|19\n|\n|t:|1791423265\n|switch|p2a: Toxapex|Toxapex, M|100/100\n|move|p1a: Urshifu|U-turn|p2a: Toxapex\n|-resisted|p2a: Toxapex\n|-damage|p2a: Toxapex|90/100\n|\n|t:|1791423270\n|switch|p1a: Ferrothorn|Ferrothorn, M|100/100|[from] U-turn\n|-damage|p1a: Ferrothorn|88/100|[from] Spikes\n|\n|-weather|Sandstorm|[upkeep]\n|-damage|p2a: Toxapex|84/100|[from] Sandstorm\n|-heal|p1a: Ferrothorn|94/100|[from] item: Leftovers\n|upkeep\n|turn|20\n|\n|t:|1791423279\n|switch|p1a: Nidoking|Nidoking, M|80/100\n|-damage|p1a: Nidoking|68/100|[from] Spikes\n|move|p2a: Toxapex|Knock Off|p1a: Nidoking\n|-damage|p1a: Nidoking|55/100\n|\n|-weather|Sandstorm|[upkeep]\n|-damage|p2a: Toxapex|78/100|[from] Sandstorm\n|upkeep\n|turn|21\n|\n|t:|1791423286\n|switch|p1a: Ferrothorn|Ferrothorn, M|94/100\n|-damage|p1a: Ferrothorn|82/100|[from] Spikes\n|switch|p2a: Hippowdon|Hippowdon, F|100/100\n|\n|-weather|none\n|-heal|p1a: Ferrothorn|88/100|[from] item: Leftovers\n|upkeep\n|turn|22\n|\n|t:|1791423292\n|switch|p2a: Skarmory|Skarmory, M|82/100\n|move|p1a: Ferrothorn|Leech Seed|p2a: Skarmory\n|-start|p2a: Skarmory|move: Leech Seed\n|\n|-heal|p1a: Ferrothorn|94/100|[from] item: Leftovers\n|-damage|p2a: Skarmory|69/100|[from] Leech Seed|[of] p1a: Ferrothorn\n|-heal|p1a: Ferrothorn|100/100|[silent]\n|upkeep\n|turn|23\n|\n|t:|1791423301\n|move|p2a: Skarmory|Roost|p2a: Skarmory\n|-heal|p2a: Skarmory|100/100\n|-singleturn|p2a: Skarmory|move: Roost\n|move|p1a: Ferrothorn|Spikes|p2a: Skarmory\n|-sidestart|p2: anos luz|Spikes\n|\n|-damage|p2a: Skarmory|88/100|[from] Leech Seed|[of] p1a: Ferrothorn\n|upkeep\n|turn|24\n|\n|t:|1791423304\n|move|p2a: Skarmory|Spikes|p1a: Ferrothorn\n|-sidestart|p1: 00xfn|Spikes\n|move|p1a: Ferrothorn|Spikes|p2a: Skarmory\n|-sidestart|p2: anos luz|Spikes\n|\n|-damage|p2a: Skarmory|76/100|[from] Leech Seed|[of] p1a: Ferrothorn\n|upkeep\n|turn|25\n|\n|t:|1791423308\n|move|p2a: Skarmory|Spikes|p1a: Ferrothorn\n|-sidestart|p1: 00xfn|Spikes\n|move|p1a: Ferrothorn|Spikes|p2a: Skarmory\n|-sidestart|p2: anos luz|Spikes\n|\n|-damage|p2a: Skarmory|63/100|[from] Leech Seed|[of] p1a: Ferrothorn\n|upkeep\n|turn|26\n|\n|t:|1791423323\n|switch|p2a: Hippowdon|Hippowdon, F|100/100\n|-damage|p2a: Hippowdon|76/100|[from] Spikes\n|-weather|Sandstorm|[from] ability: Sand Stream|[of] p2a: Hippowdon\n|move|p1a: Ferrothorn|Knock Off|p2a: Hippowdon\n|-damage|p2a: Hippowdon|61/100\n|-enditem|p2a: Hippowdon|Leftovers|[from] move: Knock Off|[of] p1a: Ferrothorn\n|\n|-weather|Sandstorm|[upkeep]\n|upkeep\n|turn|27\n|\n|t:|1791423333\n|move|p2a: Hippowdon|Slack Off|p2a: Hippowdon\n|-heal|p2a: Hippowdon|100/100\n|move|p1a: Ferrothorn|Knock Off|p2a: Hippowdon\n|-damage|p2a: Hippowdon|90/100\n|\n|-weather|Sandstorm|[upkeep]\n|upkeep\n|turn|28\n|\n|t:|1791423338\n|move|p2a: Hippowdon|Stealth Rock|p1a: Ferrothorn\n|-sidestart|p1: 00xfn|move: Stealth Rock\n|move|p1a: Ferrothorn|Knock Off|p2a: Hippowdon\n|-damage|p2a: Hippowdon|79/100\n|\n|-weather|Sandstorm|[upkeep]\n|upkeep\n|turn|29\n|\n|t:|1791423342\n|move|p2a: Hippowdon|Slack Off|p2a: Hippowdon\n|-heal|p2a: Hippowdon|100/100\n|move|p1a: Ferrothorn|Knock Off|p2a: Hippowdon\n|-damage|p2a: Hippowdon|90/100\n|\n|-weather|Sandstorm|[upkeep]\n|upkeep\n|turn|30\n|\n|t:|1791423345\n|switch|p2a: Clefable|Clefable, F|100/100\n|move|p1a: Ferrothorn|Leech Seed|p2a: Clefable\n|-start|p2a: Clefable|move: Leech Seed\n|\n|-weather|none\n|upkeep\n|turn|31\n|\n|t:|1791423353\n|move|p2a: Clefable|Moonblast|p1a: Ferrothorn\n|-resisted|p1a: Ferrothorn\n|-damage|p1a: Ferrothorn|88/100\n|move|p1a: Ferrothorn|Gyro Ball|p2a: Clefable\n|-supereffective|p2a: Clefable\n|-damage|p2a: Clefable|51/100\n|\n|-heal|p2a: Clefable|57/100|[from] item: Leftovers\n|-heal|p1a: Ferrothorn|95/100|[from] item: Leftovers\n|upkeep\n|turn|32\n|\n|t:|1791423359\n|move|p2a: Clefable|Soft-Boiled|p2a: Clefable\n|-heal|p2a: Clefable|100/100\n|move|p1a: Ferrothorn|Gyro Ball|p2a: Clefable\n|-supereffective|p2a: Clefable\n|-damage|p2a: Clefable|51/100\n|\n|-heal|p2a: Clefable|57/100|[from] item: Leftovers\n|-heal|p1a: Ferrothorn|100/100|[from] item: Leftovers\n|upkeep\n|turn|33\n|\n|t:|1791423364\n|move|p2a: Clefable|Soft-Boiled|p2a: Clefable\n|-heal|p2a: Clefable|100/100\n|move|p1a: Ferrothorn|Gyro Ball|p2a: Clefable\n|-supereffective|p2a: Clefable\n|-damage|p2a: Clefable|47/100\n|\n|-heal|p2a: Clefable|53/100|[from] item: Leftovers\n|upkeep\n|turn|34\n|\n|t:|1791423377\n|switch|p1a: Landorus|Landorus-Therian, M|100/100\n|-damage|p1a: Landorus|88/100|[from] Stealth Rock\n|-ability|p1a: Landorus|Intimidate|boost\n|-unboost|p2a: Clefable|atk|1\n|move|p2a: Clefable|Soft-Boiled|p2a: Clefable\n|-heal|p2a: Clefable|100/100\n|\n|-heal|p1a: Landorus|94/100|[from] item: Leftovers\n|upkeep\n|turn|35\n|\n|t:|1791423381\n|switch|p2a: Skarmory|Skarmory, M|63/100\n|move|p1a: Landorus|Stealth Rock|p2a: Skarmory\n|-sidestart|p2: anos luz|move: Stealth Rock\n|\n|-heal|p1a: Landorus|99/100|[from] item: Leftovers\n|upkeep\n|turn|36\n|\n|t:|1791423388\n|move|p1a: Landorus|Knock Off|p2a: Skarmory\n|-damage|p2a: Skarmory|50/100\n|move|p2a: Skarmory|Roost|p2a: Skarmory\n|-heal|p2a: Skarmory|99/100\n|-singleturn|p2a: Skarmory|move: Roost\n|\n|-heal|p1a: Landorus|100/100|[from] item: Leftovers\n|upkeep\n|turn|37\n|\n|t:|1791423391\n|move|p1a: Landorus|U-turn|p2a: Skarmory\n|-resisted|p2a: Skarmory\n|-damage|p2a: Skarmory|97/100\n|\n|t:|1791423398\n|switch|p1a: Tornadus|Tornadus-Therian, M|100/100|[from] U-turn\n|move|p2a: Skarmory|Whirlwind|p1a: Tornadus\n|drag|p1a: Nidoking|Nidoking, M|55/100\n|-damage|p1a: Nidoking|31/100|[from] Spikes\n|-damage|p1a: Nidoking|25/100|[from] Stealth Rock\n|\n|upkeep\n|turn|38\n|\n|t:|1791423406\n|switch|p2a: Reuniclus|Reuniclus, F|36/100\n|move|p1a: Nidoking|Earth Power|p2a: Reuniclus\n|-damage|p2a: Reuniclus|5/100\n|\n|-heal|p2a: Reuniclus|11/100|[from] item: Leftovers\n|upkeep\n|turn|39\n|\n|t:|1791423414\n|move|p1a: Nidoking|Ice Beam|p2a: Reuniclus\n|-damage|p2a: Reuniclus|0 fnt\n|faint|p2a: Reuniclus\n|\n|upkeep\n|\n|t:|1791423417\n|switch|p2a: Hippowdon|Hippowdon, F|90/100\n|-damage|p2a: Hippowdon|65/100|[from] Spikes\n|-damage|p2a: Hippowdon|59/100|[from] Stealth Rock\n|-weather|Sandstorm|[from] ability: Sand Stream|[of] p2a: Hippowdon\n|turn|40\n|\n|t:|1791423420\n|move|p1a: Nidoking|Ice Beam|p2a: Hippowdon\n|-supereffective|p2a: Hippowdon\n|-damage|p2a: Hippowdon|13/100\n|move|p2a: Hippowdon|Slack Off|p2a: Hippowdon\n|-heal|p2a: Hippowdon|64/100\n|\n|-weather|Sandstorm|[upkeep]\n|upkeep\n|turn|41\n|\n|t:|1791423424\n|move|p1a: Nidoking|Ice Beam|p2a: Hippowdon\n|-supereffective|p2a: Hippowdon\n|-damage|p2a: Hippowdon|12/100\n|move|p2a: Hippowdon|Slack Off|p2a: Hippowdon\n|-heal|p2a: Hippowdon|62/100\n|\n|-weather|Sandstorm|[upkeep]\n|upkeep\n|turn|42\n|\n|t:|1791423429\n|move|p1a: Nidoking|Ice Beam|p2a: Hippowdon\n|-supereffective|p2a: Hippowdon\n|-damage|p2a: Hippowdon|11/100\n|move|p2a: Hippowdon|Slack Off|p2a: Hippowdon\n|-heal|p2a: Hippowdon|62/100\n|\n|-weather|Sandstorm|[upkeep]\n|upkeep\n|turn|43\n|\n|t:|1791423432\n|move|p1a: Nidoking|Ice Beam|p2a: Hippowdon\n|-supereffective|p2a: Hippowdon\n|-damage|p2a: Hippowdon|14/100\n|move|p2a: Hippowdon|Earthquake|p1a: Nidoking\n|-supereffective|p1a: Nidoking\n|-damage|p1a: Nidoking|0 fnt\n|faint|p1a: Nidoking\n|\n|-weather|Sandstorm|[upkeep]\n|upkeep\n|\n|t:|1791423440\n|switch|p1a: Weavile|Weavile, M|84/100\n|turn|44\n|\n|t:|1791423446\n|switch|p2a: Skarmory|Skarmory, M|97/100\n|-damage|p2a: Skarmory|85/100|[from] Stealth Rock\n|move|p1a: Weavile|Icicle Crash|p2a: Skarmory\n|-damage|p2a: Skarmory|60/100\n|\n|-weather|none\n|upkeep\n|turn|45\n|\n|t:|1791423458\n|switch|p1a: Ferrothorn|Ferrothorn, M|100/100\n|-damage|p1a: Ferrothorn|75/100|[from] Spikes\n|-damage|p1a: Ferrothorn|69/100|[from] Stealth Rock\n|move|p2a: Skarmory|Roost|p2a: Skarmory\n|-heal|p2a: Skarmory|100/100\n|-singleturn|p2a: Skarmory|move: Roost\n|\n|-heal|p1a: Ferrothorn|75/100|[from] item: Leftovers\n|upkeep\n|turn|46\n|\n|t:|1791423462\n|switch|p2a: Clefable|Clefable, F|100/100\n|move|p1a: Ferrothorn|Leech Seed|p2a: Clefable\n|-start|p2a: Clefable|move: Leech Seed\n|\n|-heal|p1a: Ferrothorn|82/100|[from] item: Leftovers\n|upkeep\n|turn|47\n|\n|t:|1791423468\n|switch|p1a: Tornadus|Tornadus-Therian, M|100/100\n|move|p2a: Clefable|Moonblast|p1a: Tornadus\n|-damage|p1a: Tornadus|70/100\n|\n|upkeep\n|turn|48\n|\n|t:|1791423472\n|move|p1a: Tornadus|Taunt|p2a: Clefable\n|-start|p2a: Clefable|move: Taunt\n|cant|p2a: Clefable|move: Taunt|Thunder Wave\n|\n|upkeep\n|turn|49\n|\n|t:|1791423476\n|move|p1a: Tornadus|Hurricane|p2a: Clefable\n|-damage|p2a: Clefable|63/100\n|move|p2a: Clefable|Moonblast|p1a: Tornadus\n|-damage|p1a: Tornadus|38/100\n|\n|-heal|p2a: Clefable|69/100|[from] item: Leftovers\n|upkeep\n|turn|50\n|\n|t:|1791423484\n|move|p1a: Tornadus|Hurricane|p2a: Clefable|[miss]\n|-miss|p1a: Tornadus|p2a: Clefable\n|move|p2a: Clefable|Moonblast|p1a: Tornadus\n|-damage|p1a: Tornadus|5/100\n|-unboost|p1a: Tornadus|spa|1\n|\n|-heal|p2a: Clefable|75/100|[from] item: Leftovers\n|-end|p2a: Clefable|move: Taunt\n|upkeep\n|turn|51\n|\n|t:|1791423488\n|move|p1a: Tornadus|U-turn|p2a: Clefable\n|-resisted|p2a: Clefable\n|-damage|p2a: Clefable|69/100\n|\n|t:|1791423491\n|switch|p1a: Landorus|Landorus-Therian, M|100/100|[from] U-turn\n|-damage|p1a: Landorus|88/100|[from] Stealth Rock\n|-ability|p1a: Landorus|Intimidate|boost\n|-unboost|p2a: Clefable|atk|1\n|move|p2a: Clefable|Moonblast|p1a: Landorus\n|-damage|p1a: Landorus|65/100\n|\n|-heal|p1a: Landorus|71/100|[from] item: Leftovers\n|-heal|p2a: Clefable|75/100|[from] item: Leftovers\n|upkeep\n|turn|52\n|\n|t:|1791423499\n|switch|p2a: Skarmory|Skarmory, M|100/100\n|-damage|p2a: Skarmory|88/100|[from] Stealth Rock\n|move|p1a: Landorus|U-turn|p2a: Skarmory\n|-resisted|p2a: Skarmory\n|-damage|p2a: Skarmory|84/100\n|\n|t:|1791423504\n|switch|p1a: Tornadus|Tornadus-Therian, M|38/100|[from] U-turn\n|\n|upkeep\n|turn|53\n|\n|t:|1791423509\n|switch|p2a: Tapu Koko|Tapu Koko|100/100\n|-fieldstart|move: Electric Terrain|[from] ability: Electric Surge|[of] p2a: Tapu Koko\n|move|p1a: Tornadus|Taunt|p2a: Tapu Koko\n|-start|p2a: Tapu Koko|move: Taunt\n|\n|upkeep\n|turn|54\n|\n|t:|1791423518\n|switch|p1a: Ferrothorn|Ferrothorn, M|82/100\n|-damage|p1a: Ferrothorn|57/100|[from] Spikes\n|-damage|p1a: Ferrothorn|50/100|[from] Stealth Rock\n|move|p2a: Tapu Koko|Dazzling Gleam|p1a: Ferrothorn\n|-resisted|p1a: Ferrothorn\n|-damage|p1a: Ferrothorn|37/100\n|\n|-heal|p1a: Ferrothorn|44/100|[from] item: Leftovers\n|upkeep\n|turn|55\n|\n|t:|1791423521\n|move|p2a: Tapu Koko|Volt Switch|p1a: Ferrothorn\n|-resisted|p1a: Ferrothorn\n|-damage|p1a: Ferrothorn|29/100\n|\n|t:|1791423523\n|switch|p2a: Clefable|Clefable, F|75/100|[from] Volt Switch\n|move|p1a: Ferrothorn|Gyro Ball|p2a: Clefable\n|-supereffective|p2a: Clefable\n|-damage|p2a: Clefable|27/100\n|\n|-heal|p2a: Clefable|33/100|[from] item: Leftovers\n|-heal|p1a: Ferrothorn|35/100|[from] item: Leftovers\n|upkeep\n|turn|56\n|\n|t:|1791423539\n|move|p2a: Clefable|Soft-Boiled|p2a: Clefable\n|-heal|p2a: Clefable|83/100\n|move|p1a: Ferrothorn|Knock Off|p2a: Clefable\n|-resisted|p2a: Clefable\n|-damage|p2a: Clefable|75/100\n|-enditem|p2a: Clefable|Leftovers|[from] move: Knock Off|[of] p1a: Ferrothorn\n|\n|-heal|p1a: Ferrothorn|41/100|[from] item: Leftovers\n|upkeep\n|turn|57\n|\n|t:|1791423552\n|move|p2a: Clefable|Soft-Boiled|p2a: Clefable\n|-heal|p2a: Clefable|100/100\n|move|p1a: Ferrothorn|Gyro Ball|p2a: Clefable\n|-supereffective|p2a: Clefable\n|-damage|p2a: Clefable|50/100\n|\n|-heal|p1a: Ferrothorn|48/100|[from] item: Leftovers\n|-fieldend|move: Electric Terrain\n|upkeep\n|turn|58\n|\n|t:|1791423561\n|switch|p1a: Tornadus|Tornadus-Therian, M|71/100\n|move|p2a: Clefable|Soft-Boiled|p2a: Clefable\n|-heal|p2a: Clefable|99/100\n|\n|upkeep\n|turn|59\n|\n|t:|1791423566\n|switch|p2a: Tapu Koko|Tapu Koko|100/100\n|-fieldstart|move: Electric Terrain|[from] ability: Electric Surge|[of] p2a: Tapu Koko\n|move|p1a: Tornadus|Taunt|p2a: Tapu Koko\n|-start|p2a: Tapu Koko|move: Taunt\n|\n|upkeep\n|turn|60\n|inactive|00xfn has 270 seconds left.\n|\n|t:|1791423605\n|switch|p1a: Landorus|Landorus-Therian, M|71/100\n|-damage|p1a: Landorus|58/100|[from] Stealth Rock\n|-ability|p1a: Landorus|Intimidate|boost\n|-unboost|p2a: Tapu Koko|atk|1\n|move|p2a: Tapu Koko|Dazzling Gleam|p1a: Landorus\n|-damage|p1a: Landorus|32/100\n|\n|-heal|p1a: Landorus|38/100|[from] item: Leftovers\n|upkeep\n|turn|61\n|inactive|00xfn has 270 seconds left.\n|\n|t:|1791423617\n|switch|p2a: Clefable|Clefable, F|99/100\n|move|p1a: Landorus|U-turn|p2a: Clefable\n|-resisted|p2a: Clefable\n|-damage|p2a: Clefable|92/100\n|\n|t:|1791423622\n|switch|p1a: Tornadus|Tornadus-Therian, M|100/100|[from] U-turn\n|\n|upkeep\n|turn|62\n|\n|t:|1791423624\n|switch|p2a: Hippowdon|Hippowdon, F|14/100\n|-damage|p2a: Hippowdon|0 fnt|[from] Spikes\n|faint|p2a: Hippowdon\n|move|p1a: Tornadus|Hurricane|p2: Hippowdon|[notarget]\n|-fail|p1a: Tornadus\n|\n|upkeep\n|\n|t:|1791423626\n|switch|p2a: Tapu Koko|Tapu Koko|100/100\n|turn|63\n|inactive|00xfn has 270 seconds left.\n|\n|t:|1791423651\n|switch|p1a: Ferrothorn|Ferrothorn, M|48/100\n|-damage|p1a: Ferrothorn|23/100|[from] Spikes\n|-damage|p1a: Ferrothorn|16/100|[from] Stealth Rock\n|move|p2a: Tapu Koko|Thunderbolt|p1a: Ferrothorn\n|-resisted|p1a: Ferrothorn\n|-damage|p1a: Ferrothorn|0 fnt\n|faint|p1a: Ferrothorn\n|\n|-fieldend|move: Electric Terrain\n|upkeep\n|inactive|00xfn has 270 seconds left.\n|\n|t:|1791423675\n|switch|p1a: Landorus|Landorus-Therian, M|38/100\n|-damage|p1a: Landorus|26/100|[from] Stealth Rock\n|-ability|p1a: Landorus|Intimidate|boost\n|-unboost|p2a: Tapu Koko|atk|1\n|turn|64\n|\n|t:|1791423679\n|switch|p2a: Skarmory|Skarmory, M|84/100\n|-damage|p2a: Skarmory|72/100|[from] Stealth Rock\n|move|p1a: Landorus|U-turn|p2a: Skarmory\n|-resisted|p2a: Skarmory\n|-damage|p2a: Skarmory|69/100\n|\n|t:|1791423705\n|switch|p1a: Urshifu|Urshifu-Rapid-Strike, M|82/100|[from] U-turn\n|-damage|p1a: Urshifu|57/100|[from] Spikes\n|-damage|p1a: Urshifu|51/100|[from] Stealth Rock\n|\n|upkeep\n|turn|65\n|\n|t:|1791423709\n|move|p1a: Urshifu|Surging Strikes|p2a: Skarmory\n|-crit|p2a: Skarmory\n|-damage|p2a: Skarmory|55/100\n|-crit|p2a: Skarmory\n|-damage|p2a: Skarmory|43/100\n|-crit|p2a: Skarmory\n|-damage|p2a: Skarmory|29/100\n|-hitcount|p2a: Skarmory|3\n|move|p2a: Skarmory|Roost|p2a: Skarmory\n|-heal|p2a: Skarmory|79/100\n|-singleturn|p2a: Skarmory|move: Roost\n|\n|upkeep\n|turn|66\n|\n|t:|1791423717\n|move|p1a: Urshifu|Close Combat|p2a: Skarmory\n|-damage|p2a: Skarmory|38/100\n|-unboost|p1a: Urshifu|def|1\n|-unboost|p1a: Urshifu|spd|1\n|move|p2a: Skarmory|Roost|p2a: Skarmory\n|-heal|p2a: Skarmory|88/100\n|-singleturn|p2a: Skarmory|move: Roost\n|\n|upkeep\n|turn|67\n|\n|t:|1791423720\n|move|p1a: Urshifu|U-turn|p2a: Skarmory\n|-resisted|p2a: Skarmory\n|-damage|p2a: Skarmory|84/100\n|\n|t:|1791423723\n|switch|p1a: Tornadus|Tornadus-Therian, M|100/100|[from] U-turn\n|move|p2a: Skarmory|Roost|p2a: Skarmory\n|-heal|p2a: Skarmory|100/100\n|-singleturn|p2a: Skarmory|move: Roost\n|\n|upkeep\n|turn|68\n|\n|t:|1791423728\n|switch|p2a: Clefable|Clefable, F|92/100\n|move|p1a: Tornadus|Hurricane|p2a: Clefable\n|-damage|p2a: Clefable|51/100\n|\n|upkeep\n|turn|69\n|\n|t:|1791423743\n|move|p1a: Tornadus|Taunt|p2a: Clefable\n|-start|p2a: Clefable|move: Taunt\n|move|p2a: Clefable|Moonblast|p1a: Tornadus\n|-damage|p1a: Tornadus|70/100\n|\n|upkeep\n|turn|70\n|\n|t:|1791423747\n|move|p1a: Tornadus|Hurricane|p2a: Clefable|[miss]\n|-miss|p1a: Tornadus|p2a: Clefable\n|move|p2a: Clefable|Moonblast|p1a: Tornadus\n|-damage|p1a: Tornadus|37/100\n|\n|upkeep\n|turn|71\n|\n|t:|1791423752\n|move|p1a: Tornadus|Hurricane|p2a: Clefable\n|-damage|p2a: Clefable|10/100\n|move|p2a: Clefable|Moonblast|p1a: Tornadus\n|-damage|p1a: Tornadus|5/100\n|\n|-end|p2a: Clefable|move: Taunt\n|upkeep\n|turn|72\n|\n|t:|1791423761\n|move|p1a: Tornadus|Hurricane|p2a: Clefable\n|-damage|p2a: Clefable|0 fnt\n|faint|p2a: Clefable\n|\n|upkeep\n|\n|t:|1791423762\n|switch|p2a: Tapu Koko|Tapu Koko|100/100\n|-fieldstart|move: Electric Terrain|[from] ability: Electric Surge|[of] p2a: Tapu Koko\n|turn|73\n|c|\u2606anos luz|gg\n|c|\u260600xfn|gg\n|\n|t:|1791423780\n|move|p2a: Tapu Koko|Dazzling Gleam|p1a: Tornadus\n|-damage|p1a: Tornadus|0 fnt\n|faint|p1a: Tornadus\n|\n|upkeep\n|\n|t:|1791423782\n|switch|p1a: Urshifu|Urshifu-Rapid-Strike, M|51/100\n|-damage|p1a: Urshifu|26/100|[from] Spikes\n|-damage|p1a: Urshifu|20/100|[from] Stealth Rock\n|turn|74\n|\n|t:|1791423784\n|move|p1a: Urshifu|Aqua Jet|p2a: Tapu Koko\n|-damage|p2a: Tapu Koko|70/100\n|move|p2a: Tapu Koko|Dazzling Gleam|p1a: Urshifu\n|-supereffective|p1a: Urshifu\n|-damage|p1a: Urshifu|0 fnt\n|faint|p1a: Urshifu\n|\n|upkeep\n|\n|t:|1791423786\n|switch|p1a: Weavile|Weavile, M|84/100\n|turn|75\n|\n|t:|1791423788\n|move|p1a: Weavile|Ice Shard|p2a: Tapu Koko\n|-damage|p2a: Tapu Koko|40/100\n|move|p2a: Tapu Koko|Dazzling Gleam|p1a: Weavile\n|-supereffective|p1a: Weavile\n|-damage|p1a: Weavile|0 fnt\n|faint|p1a: Weavile\n|\n|upkeep\n|\n|t:|1791423790\n|switch|p1a: Landorus|Landorus-Therian, M|26/100\n|-damage|p1a: Landorus|14/100|[from] Stealth Rock\n|-ability|p1a: Landorus|Intimidate|boost\n|-unboost|p2a: Tapu Koko|atk|1\n|turn|76\n|\n|t:|1791423792\n|move|p2a: Tapu Koko|Dazzling Gleam|p1a: Landorus\n|-damage|p1a: Landorus|0 fnt\n|faint|p1a: Landorus\n|\n|win|anos luz\n", "uploadtime": 1791423792, "views": "30", "formatid": "gen8ou", "rating": null, "private": 0, "password": null}