{"id": "smogtours-gen8ou-977596", "format": "[Gen 8] OU", "players": ["anos luz", "tempo di anguria"], "log": "|inactive|Battle timer is ON: inactive players will automatically lose when time's up.\n|t:|1791421704\n|gametype|singles\n|player|p1|anos luz|dawn|\n|player|p2|tempo di anguria|#scl6dynamos2|\n|gen|8\n|tier|[Gen 8] OU\n|rule|HP Percentage Mod: HP is shown in percentages\n|rule|Endless Battle Clause: Forcing endless battles is banned\n|rule|Sleep Clause Mod: Limit one foe put to sleep\n|rule|Species Clause: Limit one of each Pok\u00e9mon\n|rule|OHKO Clause: OHKO moves are banned\n|rule|Evasion Items Clause: Evasion items are banned\n|rule|Evasion Moves Clause: Evasion moves are banned\n|rule|Dynamax Clause: You cannot dynamax\n|clearpoke\n|poke|p1|Tapu Koko|\n|poke|p1|Urshifu-*, F|\n|poke|p1|Melmetal|\n|poke|p1|Slowbro, F|\n|poke|p1|Heatran, M|\n|poke|p1|Landorus-Therian, M|\n|poke|p2|Clefable, M|\n|poke|p2|Gastrodon-East, F|\n|poke|p2|Tapu Lele|\n|poke|p2|Heatran, M|\n|poke|p2|Corviknight, F|\n|poke|p2|Weavile, M|\n|teampreview\n|c|\u2606tempo di anguria|hf\n|c|\u2606anos luz|u2\n|inactive|anos luz has 270 seconds left.\n|inactive|anos luz has 240 seconds left.\n|inactive|anos luz has 210 seconds left.\n|\n|t:|1791421800\n|teamsize|p1|6\n|teamsize|p2|6\n|start\n|switch|p1a: Urshifu|Urshifu-Rapid-Strike, F|100/100\n|switch|p2a: Tapu Lele|Tapu Lele|100/100\n|-fieldstart|move: Psychic Terrain|[from] ability: Psychic Surge|[of] p2a: Tapu Lele\n|turn|1\n|\n|t:|1791421822\n|switch|p2a: Heatran|Heatran, M|100/100\n|move|p1a: Urshifu|U-turn|p2a: Heatran\n|-resisted|p2a: Heatran\n|-crit|p2a: Heatran\n|-damage|p2a: Heatran|92/100\n|\n|t:|1791421828\n|switch|p1a: Landorus|Landorus-Therian, M|100/100|[from] U-turn\n|-ability|p1a: Landorus|Intimidate|boost\n|-unboost|p2a: Heatran|atk|1\n|\n|-heal|p2a: Heatran|98/100|[from] item: Leftovers\n|upkeep\n|turn|2\n|\n|t:|1791421832\n|switch|p2a: Corviknight|Corviknight, F|100/100\n|-ability|p2a: Corviknight|Pressure\n|move|p1a: Landorus|U-turn|p2a: Corviknight\n|-resisted|p2a: Corviknight\n|-damage|p2a: Corviknight|97/100\n|\n|t:|1791421835\n|switch|p1a: Heatran|Heatran, M|100/100|[from] U-turn\n|\n|-heal|p2a: Corviknight|100/100|[from] item: Leftovers\n|upkeep\n|turn|3\n|\n|t:|1791421838\n|switch|p2a: Gastrodon|Gastrodon-East, F|100/100\n|move|p1a: Heatran|Stealth Rock|p2a: Gastrodon\n|-sidestart|p2: tempo di anguria|move: Stealth Rock\n|\n|upkeep\n|turn|4\n|\n|t:|1791421843\n|switch|p1a: Slowbro|Slowbro, F|100/100\n|move|p2a: Gastrodon|Earthquake|p1a: Slowbro\n|-damage|p1a: Slowbro|80/100\n|\n|upkeep\n|turn|5\n|\n|t:|1791421846\n|move|p2a: Gastrodon|Toxic|p1a: Slowbro\n|-status|p1a: Slowbro|tox\n|move|p1a: Slowbro|Future Sight|p2a: Gastrodon\n|-start|p1a: Slowbro|move: Future Sight\n|\n|-damage|p1a: Slowbro|74/100 tox|[from] psn\n|-fieldend|move: Psychic Terrain\n|upkeep\n|turn|6\n|\n|t:|1791421856\n|switch|p2a: Weavile|Weavile, M|100/100\n|-ability|p2a: Weavile|Pressure\n|move|p1a: Slowbro|Teleport|p1a: Slowbro\n|\n|t:|1791421858\n|switch|p1a: Urshifu|Urshifu-Rapid-Strike, F|100/100|[from] Teleport\n|\n|upkeep\n|turn|7\n|\n|t:|1791421866\n|switch|p2a: Clefable|Clefable, M|100/100\n|move|p1a: Urshifu|Close Combat|p2a: Clefable\n|-resisted|p2a: Clefable\n|-damage|p2a: Clefable|78/100\n|-unboost|p1a: Urshifu|def|1\n|-unboost|p1a: Urshifu|spd|1\n|\n|-end|p2a: Clefable|move: Future Sight\n|-damage|p2a: Clefable|38/100\n|-heal|p2a: Clefable|44/100|[from] item: Leftovers\n|upkeep\n|turn|8\n|\n|t:|1791421870\n|move|p1a: Urshifu|Surging Strikes|p2a: Clefable\n|-crit|p2a: Clefable\n|-damage|p2a: Clefable|27/100\n|-crit|p2a: Clefable\n|-damage|p2a: Clefable|12/100\n|-crit|p2a: Clefable\n|-damage|p2a: Clefable|0 fnt\n|faint|p2a: Clefable\n|-hitcount|p2: Clefable|3\n|\n|upkeep\n|\n|t:|1791421876\n|switch|p2a: Corviknight|Corviknight, F|100/100\n|-damage|p2a: Corviknight|88/100|[from] Stealth Rock\n|-ability|p2a: Corviknight|Pressure\n|turn|9\n|\n|t:|1791421877\n|move|p1a: Urshifu|U-turn|p2a: Corviknight\n|-resisted|p2a: Corviknight\n|-damage|p2a: Corviknight|85/100\n|\n|t:|1791421881\n|switch|p1a: Slowbro|Slowbro, F|100/100 tox|[from] U-turn\n|move|p2a: Corviknight|Defog|p1a: Slowbro\n|-unboost|p1a: Slowbro|evasion|1\n|-sideend|p2: tempo di anguria|Stealth Rock|[from] move: Defog|[of] p2a: Corviknight\n|\n|-heal|p2a: Corviknight|91/100|[from] item: Leftovers\n|-damage|p1a: Slowbro|94/100 tox|[from] psn\n|upkeep\n|turn|10\n|\n|t:|1791421883\n|move|p2a: Corviknight|U-turn|p1a: Slowbro\n|-supereffective|p1a: Slowbro\n|-damage|p1a: Slowbro|77/100 tox\n|\n|t:|1791421884\n|switch|p2a: Heatran|Heatran, M|98/100|[from] U-turn\n|move|p1a: Slowbro|Teleport|p1a: Slowbro\n|\n|t:|1791421888\n|switch|p1a: Urshifu|Urshifu-Rapid-Strike, F|100/100|[from] Teleport\n|\n|-heal|p2a: Heatran|100/100|[from] item: Leftovers\n|upkeep\n|turn|11\n|\n|t:|1791421891\n|move|p1a: Urshifu|Close Combat|p2a: Heatran\n|-supereffective|p2a: Heatran\n|-damage|p2a: Heatran|3/100\n|-unboost|p1a: Urshifu|def|1\n|-unboost|p1a: Urshifu|spd|1\n|move|p2a: Heatran|Stealth Rock|p1a: Urshifu\n|-sidestart|p1: anos luz|move: Stealth Rock\n|\n|-heal|p2a: Heatran|9/100|[from] item: Leftovers\n|upkeep\n|turn|12\n|\n|t:|1791421896\n|move|p1a: Urshifu|Surging Strikes|p2a: Heatran\n|-supereffective|p2a: Heatran\n|-crit|p2a: Heatran\n|-damage|p2a: Heatran|0 fnt\n|faint|p2a: Heatran\n|-hitcount|p2: Heatran|1\n|\n|upkeep\n|\n|t:|1791421899\n|switch|p2a: Tapu Lele|Tapu Lele|100/100\n|-fieldstart|move: Psychic Terrain|[from] ability: Psychic Surge|[of] p2a: Tapu Lele\n|turn|13\n|\n|t:|1791421906\n|move|p1a: Urshifu|U-turn|p2a: Tapu Lele\n|-damage|p2a: Tapu Lele|60/100\n|\n|t:|1791421909\n|switch|p1a: Landorus|Landorus-Therian, M|100/100|[from] U-turn\n|-damage|p1a: Landorus|88/100|[from] Stealth Rock\n|-ability|p1a: Landorus|Intimidate|boost\n|-unboost|p2a: Tapu Lele|atk|1\n|move|p2a: Tapu Lele|Thunderbolt|p1a: Landorus\n|-immune|p1a: Landorus\n|\n|-heal|p1a: Landorus|94/100|[from] item: Leftovers\n|upkeep\n|turn|14\n|\n|t:|1791421913\n|switch|p2a: Weavile|Weavile, M|100/100\n|-ability|p2a: Weavile|Pressure\n|move|p1a: Landorus|Defog|p2a: Weavile\n|-unboost|p2a: Weavile|evasion|1\n|-sideend|p1: anos luz|Stealth Rock|[from] move: Defog|[of] p1a: Landorus\n|-fieldend|move: Psychic Terrain\n|\n|-heal|p1a: Landorus|99/100|[from] item: Leftovers\n|upkeep\n|turn|15\n|\n|t:|1791421917\n|switch|p1a: Melmetal|Melmetal|100/100\n|move|p2a: Weavile|Knock Off|p1a: Melmetal\n|-damage|p1a: Melmetal|72/100\n|-enditem|p1a: Melmetal|Leftovers|[from] move: Knock Off|[of] p2a: Weavile\n|\n|upkeep\n|turn|16\n|\n|t:|1791421921\n|switch|p2a: Corviknight|Corviknight, F|91/100\n|-ability|p2a: Corviknight|Pressure\n|move|p1a: Melmetal|Double Iron Bash|p2a: Corviknight\n|-resisted|p2a: Corviknight\n|-damage|p2a: Corviknight|78/100\n|-resisted|p2a: Corviknight\n|-crit|p2a: Corviknight\n|-damage|p2a: Corviknight|56/100\n|-hitcount|p2a: Corviknight|2\n|\n|-heal|p2a: Corviknight|62/100|[from] item: Leftovers\n|upkeep\n|turn|17\n|\n|t:|1791421925\n|move|p2a: Corviknight|U-turn|p1a: Melmetal\n|-resisted|p1a: Melmetal\n|-damage|p1a: Melmetal|67/100\n|\n|t:|1791421928\n|switch|p2a: Gastrodon|Gastrodon-East, F|100/100|[from] U-turn\n|move|p1a: Melmetal|Superpower|p2a: Gastrodon\n|-damage|p2a: Gastrodon|52/100\n|-unboost|p1a: Melmetal|atk|1\n|-unboost|p1a: Melmetal|def|1\n|\n|-heal|p2a: Gastrodon|58/100|[from] item: Leftovers\n|upkeep\n|turn|18\n|\n|t:|1791421930\n|switch|p1a: Slowbro|Slowbro, F|100/100 tox\n|switch|p2a: Weavile|Weavile, M|100/100\n|-ability|p2a: Weavile|Pressure\n|\n|-damage|p1a: Slowbro|94/100 tox|[from] psn\n|upkeep\n|turn|19\n|\n|t:|1791421934\n|move|p2a: Weavile|Knock Off|p1a: Slowbro\n|-supereffective|p1a: Slowbro\n|-damage|p1a: Slowbro|32/100 tox\n|-enditem|p1a: Slowbro|Heavy-Duty Boots|[from] move: Knock Off|[of] p2a: Weavile\n|move|p1a: Slowbro|Teleport|p1a: Slowbro\n|\n|t:|1791421938\n|switch|p1a: Urshifu|Urshifu-Rapid-Strike, F|100/100|[from] Teleport\n|\n|upkeep\n|turn|20\n|\n|t:|1791421941\n|switch|p2a: Tapu Lele|Tapu Lele|60/100\n|-fieldstart|move: Psychic Terrain|[from] ability: Psychic Surge|[of] p2a: Tapu Lele\n|move|p1a: Urshifu|Close Combat|p2a: Tapu Lele\n|-resisted|p2a: Tapu Lele\n|-damage|p2a: Tapu Lele|36/100\n|-unboost|p1a: Urshifu|def|1\n|-unboost|p1a: Urshifu|spd|1\n|\n|upkeep\n|turn|21\n|\n|t:|1791421947\n|move|p1a: Urshifu|Surging Strikes|p2a: Tapu Lele\n|-crit|p2a: Tapu Lele\n|-damage|p2a: Tapu Lele|8/100\n|-crit|p2a: Tapu Lele\n|-damage|p2a: Tapu Lele|0 fnt\n|faint|p2a: Tapu Lele\n|-hitcount|p2: Tapu Lele|2\n|\n|upkeep\n|\n|t:|1791421949\n|switch|p2a: Corviknight|Corviknight, F|62/100\n|-ability|p2a: Corviknight|Pressure\n|turn|22\n|\n|t:|1791421951\n|move|p1a: Urshifu|U-turn|p2a: Corviknight\n|-resisted|p2a: Corviknight\n|-damage|p2a: Corviknight|58/100\n|\n|t:|1791421952\n|switch|p1a: Heatran|Heatran, M|100/100|[from] U-turn\n|move|p2a: Corviknight|U-turn|p1a: Heatran\n|-resisted|p1a: Heatran\n|-damage|p1a: Heatran|97/100\n|\n|t:|1791421954\n|switch|p2a: Gastrodon|Gastrodon-East, F|58/100|[from] U-turn\n|\n|-heal|p2a: Gastrodon|64/100|[from] item: Leftovers\n|upkeep\n|turn|23\n|\n|t:|1791421959\n|switch|p1a: Slowbro|Slowbro, F|65/100 tox\n|switch|p2a: Weavile|Weavile, M|100/100\n|-ability|p2a: Weavile|Pressure\n|\n|-damage|p1a: Slowbro|59/100 tox|[from] psn\n|upkeep\n|turn|24\n|\n|t:|1791421962\n|switch|p1a: Melmetal|Melmetal|67/100\n|move|p2a: Weavile|Swords Dance|p2a: Weavile\n|-boost|p2a: Weavile|atk|2\n|\n|-fieldend|move: Psychic Terrain\n|upkeep\n|turn|25\n|\n|t:|1791421964\n|move|p2a: Weavile|Knock Off|p1a: Melmetal\n|-damage|p1a: Melmetal|28/100\n|move|p1a: Melmetal|Double Iron Bash|p2a: Weavile\n|-supereffective|p2a: Weavile\n|-damage|p2a: Weavile|0 fnt\n|faint|p2a: Weavile\n|-hitcount|p2: Weavile|1\n|\n|upkeep\n|c|\u2606tempo di anguria|gg\n|-message|tempo di anguria forfeited.\n|\n|win|anos luz\n|c|\u2606anos luz|gg\n", "uploadtime": 1791421968, "views": "59", "formatid": "gen8ou", "rating": null, "private": 0, "password": null}