{"id": "smogtours-gen8ou-975477", "format": "[Gen 8] OU", "players": ["damien the genius", "Separation"], "log": "|inactive|Battle timer is ON: inactive players will automatically lose when time's up.\n|badge|p2|silver|gen9randombattle|30-10\n|uhtml|medal-msg|<div class=\"broadcast-blue\">Curious what those medals under the avatar are? PS now has Ladder Seasons! For more information, check out the <a href=\"https://www.smogon.com/forums/threads/3740067/\">thread on Smogon.</a></div>\n|t:|1790684684\n|gametype|singles\n|player|p1|damien the genius|#wcop2023oceania|\n|player|p2|Separation|#separation|\n|gen|8\n|tier|[Gen 8] OU\n|rule|HP Percentage Mod: HP is shown in percentages\n|rule|Endless Battle Clause: Forcing endless battles is banned\n|rule|Sleep Clause Mod: Limit one foe put to sleep\n|rule|Species Clause: Limit one of each Pok\u00e9mon\n|rule|OHKO Clause: OHKO moves are banned\n|rule|Evasion Items Clause: Evasion items are banned\n|rule|Evasion Moves Clause: Evasion moves are banned\n|rule|Dynamax Clause: You cannot dynamax\n|clearpoke\n|poke|p1|Magnezone|\n|poke|p1|Tapu Lele|\n|poke|p1|Landorus-Therian, M|\n|poke|p1|Tapu Fini|\n|poke|p1|Melmetal|\n|poke|p1|Tornadus-Therian, M|\n|poke|p2|Buzzwole|\n|poke|p2|Dragapult, M|\n|poke|p2|Landorus-Therian, M|\n|poke|p2|Heatran, M|\n|poke|p2|Slowbro, F|\n|poke|p2|Zeraora|\n|teampreview\n|c|\u2606damien the genius|hf\n|c|\u2606Separation|hf\n|inactive|damien the genius has 270 seconds left.\n|inactive|Separation has 270 seconds left.\n|inactive|Separation has 240 seconds left.\n|inactive|damien the genius has 240 seconds left.\n|inactive|Separation has 210 seconds left.\n|\n|t:|1790684783\n|teamsize|p1|6\n|teamsize|p2|6\n|start\n|switch|p1a: Landorus|Landorus-Therian, M|100/100\n|switch|p2a: Heatran|Heatran, M|100/100\n|-ability|p1a: Landorus|Intimidate|boost\n|-unboost|p2a: Heatran|atk|1\n|turn|1\n|inactive|Separation has 270 seconds left.\n|inactive|damien the genius has 270 seconds left.\n|\n|t:|1790684804\n|switch|p2a: Landorus|Landorus-Therian, M|100/100\n|-ability|p2a: Landorus|Intimidate|boost\n|-unboost|p1a: Landorus|atk|1\n|move|p1a: Landorus|Stealth Rock|p2a: Landorus\n|-sidestart|p2: Separation|move: Stealth Rock\n|\n|upkeep\n|turn|2\n|inactive|damien the genius has 270 seconds left.\n|inactive|damien the genius has 240 seconds left.\n|\n|t:|1790684850\n|move|p2a: Landorus|Toxic|p1a: Landorus\n|-status|p1a: Landorus|tox\n|move|p1a: Landorus|U-turn|p2a: Landorus\n|-resisted|p2a: Landorus\n|-damage|p2a: Landorus|93/100\n|inactive|damien the genius has 210 seconds left.\n|inactive|damien the genius has 180 seconds left.\n|\n|t:|1790684929\n|switch|p1a: Tapu Lele|Tapu Lele|100/100|[from] U-turn\n|-fieldstart|move: Psychic Terrain|[from] ability: Psychic Surge|[of] p1a: Tapu Lele\n|\n|-heal|p2a: Landorus|99/100|[from] item: Leftovers\n|upkeep\n|turn|3\n|\n|t:|1790684947\n|move|p1a: Tapu Lele|Psyshock|p2a: Landorus\n|-damage|p2a: Landorus|14/100\n|move|p2a: Landorus|Earthquake|p1a: Tapu Lele\n|-damage|p1a: Tapu Lele|29/100\n|\n|-heal|p2a: Landorus|20/100|[from] item: Leftovers\n|upkeep\n|turn|4\n|inactive|Separation has 270 seconds left.\n|\n|t:|1790684966\n|switch|p2a: Slowbro|Slowbro, F|100/100\n|move|p1a: Tapu Lele|Psyshock|p2a: Slowbro\n|-resisted|p2a: Slowbro\n|-damage|p2a: Slowbro|67/100\n|\n|upkeep\n|turn|5\n|inactive|damien the genius has 150 seconds left.\n|inactive|damien the genius has 120 seconds left.\n|\n|t:|1790685021\n|switch|p1a: Magnezone|Magnezone|100/100\n|-item|p1a: Magnezone|Air Balloon\n|move|p2a: Slowbro|Teleport|p2a: Slowbro\n|inactive|Separation has 270 seconds left.\n|\n|t:|1790685050\n|switch|p2a: Dragapult|Dragapult, M|100/100|[from] Teleport\n|-damage|p2a: Dragapult|88/100|[from] Stealth Rock\n|\n|upkeep\n|turn|6\n|\n|t:|1790685064\n|switch|p1a: Tornadus|Tornadus-Therian, M|100/100\n|move|p2a: Dragapult|Shadow Ball|p1a: Tornadus\n|-damage|p1a: Tornadus|44/100\n|-enditem|p1a: Tornadus|Eject Button\n|inactive|damien the genius has 120 seconds left.\n|inactive|damien the genius has 90 seconds left.\n|\n|t:|1790685105\n|switch|p1a: Tapu Fini|Tapu Fini|100/100\n|-fieldstart|move: Misty Terrain|[from] ability: Misty Surge|[of] p1a: Tapu Fini\n|\n|upkeep\n|turn|7\n|inactive|damien the genius has 90 seconds left.\n|\n|t:|1790685130\n|move|p2a: Dragapult|Shadow Ball|p1a: Tapu Fini\n|-damage|p1a: Tapu Fini|53/100\n|move|p1a: Tapu Fini|Calm Mind|p1a: Tapu Fini\n|-boost|p1a: Tapu Fini|spa|1\n|-boost|p1a: Tapu Fini|spd|1\n|\n|-heal|p1a: Tapu Fini|59/100|[from] item: Leftovers\n|upkeep\n|turn|8\n|\n|t:|1790685134\n|switch|p2a: Heatran|Heatran, M|100/100\n|-damage|p2a: Heatran|88/100|[from] Stealth Rock\n|move|p1a: Tapu Fini|Draining Kiss|p2a: Heatran\n|-resisted|p2a: Heatran\n|-damage|p2a: Heatran|84/100\n|-heal|p1a: Tapu Fini|63/100|[from] drain|[of] p2a: Heatran\n|\n|-heal|p1a: Tapu Fini|69/100|[from] item: Leftovers\n|-heal|p2a: Heatran|90/100|[from] item: Leftovers\n|upkeep\n|turn|9\n|inactive|damien the genius has 90 seconds left.\n|\n|t:|1790685151\n|move|p1a: Tapu Fini|Calm Mind|p1a: Tapu Fini\n|-boost|p1a: Tapu Fini|spa|1\n|-boost|p1a: Tapu Fini|spd|1\n|move|p2a: Heatran|Heavy Slam|p1a: Tapu Fini\n|-damage|p1a: Tapu Fini|41/100\n|\n|-heal|p1a: Tapu Fini|47/100|[from] item: Leftovers\n|-heal|p2a: Heatran|96/100|[from] item: Leftovers\n|upkeep\n|turn|10\n|\n|t:|1790685161\n|move|p1a: Tapu Fini|Scald|p2a: Heatran\n|-supereffective|p2a: Heatran\n|-damage|p2a: Heatran|34/100\n|move|p2a: Heatran|Heavy Slam|p1a: Tapu Fini\n|-damage|p1a: Tapu Fini|21/100\n|\n|-heal|p1a: Tapu Fini|27/100|[from] item: Leftovers\n|-heal|p2a: Heatran|40/100|[from] item: Leftovers\n|-fieldend|Misty Terrain\n|upkeep\n|turn|11\n|\n|t:|1790685177\n|switch|p2a: Landorus|Landorus-Therian, M|20/100\n|-damage|p2a: Landorus|8/100|[from] Stealth Rock\n|-ability|p2a: Landorus|Intimidate|boost\n|-unboost|p1a: Tapu Fini|atk|1\n|move|p1a: Tapu Fini|Scald|p2a: Landorus\n|-supereffective|p2a: Landorus\n|-damage|p2a: Landorus|0 fnt\n|faint|p2a: Landorus\n|\n|-heal|p1a: Tapu Fini|33/100|[from] item: Leftovers\n|upkeep\n|\n|t:|1790685180\n|switch|p2a: Zeraora|Zeraora|100/100\n|turn|12\n|\n|t:|1790685198\n|switch|p1a: Landorus|Landorus-Therian, M|100/100 tox\n|-ability|p1a: Landorus|Intimidate|boost\n|-unboost|p2a: Zeraora|atk|1\n|move|p2a: Zeraora|Plasma Fists|p1a: Landorus\n|-immune|p1a: Landorus\n|\n|-damage|p1a: Landorus|94/100 tox|[from] psn\n|upkeep\n|turn|13\n|inactive|Separation has 270 seconds left.\n|inactive|damien the genius has 90 seconds left.\n|\n|t:|1790685231\n|move|p2a: Zeraora|Knock Off|p1a: Landorus\n|-damage|p1a: Landorus|76/100 tox\n|-enditem|p1a: Landorus|Leftovers|[from] move: Knock Off|[of] p2a: Zeraora\n|move|p1a: Landorus|Earthquake|p2a: Zeraora\n|-supereffective|p2a: Zeraora\n|-damage|p2a: Zeraora|0 fnt\n|faint|p2a: Zeraora\n|\n|-damage|p1a: Landorus|64/100 tox|[from] psn\n|upkeep\n|inactive|Separation has 240 seconds left.\n|\n|t:|1790685252\n|switch|p2a: Buzzwole|Buzzwole|100/100\n|-damage|p2a: Buzzwole|88/100|[from] Stealth Rock\n|turn|14\n|inactive|damien the genius has 90 seconds left.\n|inactive|Separation has 240 seconds left.\n|\n|t:|1790685286\n|switch|p1a: Tornadus|Tornadus-Therian, M|77/100\n|move|p2a: Buzzwole|Close Combat|p1a: Tornadus\n|-resisted|p1a: Tornadus\n|-damage|p1a: Tornadus|18/100\n|-unboost|p2a: Buzzwole|def|1\n|-unboost|p2a: Buzzwole|spd|1\n|\n|upkeep\n|turn|15\n|inactive|Separation has 240 seconds left.\n|\n|t:|1790685299\n|switch|p2a: Heatran|Heatran, M|40/100\n|-damage|p2a: Heatran|28/100|[from] Stealth Rock\n|move|p1a: Tornadus|U-turn|p2a: Heatran\n|-resisted|p2a: Heatran\n|-damage|p2a: Heatran|25/100\n|inactive|damien the genius has 60 seconds left.\n|\n|t:|1790685323\n|switch|p1a: Magnezone|Magnezone|100/100|[from] U-turn\n|-item|p1a: Magnezone|Air Balloon\n|\n|-heal|p2a: Heatran|31/100|[from] item: Leftovers\n|upkeep\n|turn|16\n|inactive|damien the genius has 60 seconds left.\n|\n|t:|1790685331\n|move|p1a: Magnezone|Body Press|p2a: Heatran\n|-supereffective|p2a: Heatran\n|-damage|p2a: Heatran|0 fnt\n|faint|p2a: Heatran\n|\n|upkeep\n|\n|t:|1790685338\n|switch|p2a: Dragapult|Dragapult, M|88/100\n|-damage|p2a: Dragapult|76/100|[from] Stealth Rock\n|turn|17\n|\n|t:|1790685351\n|move|p2a: Dragapult|Shadow Ball|p1a: Magnezone\n|-damage|p1a: Magnezone|21/100\n|-enditem|p1a: Magnezone|Air Balloon\n|move|p1a: Magnezone|Thunderbolt|p2a: Dragapult\n|-resisted|p2a: Dragapult\n|-damage|p2a: Dragapult|47/100\n|\n|upkeep\n|turn|18\n|\n|t:|1790685355\n|move|p2a: Dragapult|Shadow Ball|p1a: Magnezone\n|-damage|p1a: Magnezone|0 fnt\n|faint|p1a: Magnezone\n|\n|upkeep\n|\n|t:|1790685366\n|switch|p1a: Melmetal|Melmetal|100/100\n|turn|19\n|\n|t:|1790685370\n|switch|p2a: Slowbro|Slowbro, F|99/100\n|move|p1a: Melmetal|Toxic|p2a: Slowbro|[miss]\n|-miss|p1a: Melmetal|p2a: Slowbro\n|\n|upkeep\n|turn|20\n|\n|t:|1790685384\n|move|p1a: Melmetal|Toxic|p2a: Slowbro\n|-status|p2a: Slowbro|tox\n|move|p2a: Slowbro|Thunder Wave|p1a: Melmetal\n|-status|p1a: Melmetal|par\n|\n|-damage|p2a: Slowbro|94/100 tox|[from] psn\n|upkeep\n|turn|21\n|inactive|damien the genius has 90 seconds left.\n|\n|t:|1790685395\n|cant|p1a: Melmetal|par\n|move|p2a: Slowbro|Teleport|p2a: Slowbro\n|\n|t:|1790685403\n|switch|p2a: Buzzwole|Buzzwole|88/100|[from] Teleport\n|-damage|p2a: Buzzwole|76/100|[from] Stealth Rock\n|\n|upkeep\n|turn|22\n|inactive|damien the genius has 90 seconds left.\n|\n|t:|1790685424\n|switch|p1a: Tapu Fini|Tapu Fini|33/100\n|-fieldstart|move: Misty Terrain|[from] ability: Misty Surge|[of] p1a: Tapu Fini\n|move|p2a: Buzzwole|Close Combat|p1a: Tapu Fini\n|-resisted|p1a: Tapu Fini\n|-damage|p1a: Tapu Fini|0 fnt\n|-unboost|p2a: Buzzwole|def|1\n|-unboost|p2a: Buzzwole|spd|1\n|faint|p1a: Tapu Fini\n|-ability|p2a: Buzzwole|Beast Boost|boost\n|-boost|p2a: Buzzwole|atk|1\n|\n|upkeep\n|\n|t:|1790685429\n|switch|p1a: Tapu Lele|Tapu Lele|29/100\n|-fieldstart|move: Psychic Terrain|[from] ability: Psychic Surge|[of] p1a: Tapu Lele\n|turn|23\n|inactive|damien the genius has 90 seconds left.\n|\n|t:|1790685445\n|switch|p2a: Slowbro|Slowbro, F|100/100 tox\n|move|p1a: Tapu Lele|Moonblast|p2a: Slowbro\n|-damage|p2a: Slowbro|38/100 tox\n|\n|-damage|p2a: Slowbro|32/100 tox|[from] psn\n|upkeep\n|turn|24\n|\n|t:|1790685448\n|move|p1a: Tapu Lele|Moonblast|p2a: Slowbro\n|-damage|p2a: Slowbro|0 fnt\n|faint|p2a: Slowbro\n|\n|upkeep\n|\n|t:|1790685449\n|switch|p2a: Dragapult|Dragapult, M|47/100\n|-damage|p2a: Dragapult|34/100|[from] Stealth Rock\n|turn|25\n|inactive|damien the genius has 90 seconds left.\n|inactive|damien the genius has 60 seconds left.\n|\n|t:|1790685502\n|switch|p1a: Melmetal|Melmetal|100/100 par\n|move|p2a: Dragapult|Shadow Ball|p1a: Melmetal\n|-damage|p1a: Melmetal|44/100 par\n|-unboost|p1a: Melmetal|spd|1\n|\n|-heal|p1a: Melmetal|51/100 par|[from] item: Leftovers\n|upkeep\n|turn|26\n|inactive|damien the genius has 60 seconds left.\n|\n|t:|1790685513\n|move|p2a: Dragapult|Shadow Ball|p1a: Melmetal\n|-damage|p1a: Melmetal|0 fnt\n|faint|p1a: Melmetal\n|\n|upkeep\n|\n|t:|1790685515\n|switch|p1a: Landorus|Landorus-Therian, M|64/100 tox\n|-ability|p1a: Landorus|Intimidate|boost\n|-unboost|p2a: Dragapult|atk|1\n|turn|27\n|inactive|damien the genius has 60 seconds left.\n|\n|t:|1790685551\n|switch|p2a: Buzzwole|Buzzwole|76/100\n|-damage|p2a: Buzzwole|63/100|[from] Stealth Rock\n|move|p1a: Landorus|U-turn|p2a: Buzzwole\n|-resisted|p2a: Buzzwole\n|-damage|p2a: Buzzwole|56/100\n|\n|t:|1790685557\n|switch|p1a: Tapu Lele|Tapu Lele|29/100|[from] U-turn\n|\n|-fieldend|move: Psychic Terrain\n|upkeep\n|turn|28\n|\n|t:|1790685562\n|move|p1a: Tapu Lele|Moonblast|p2a: Buzzwole\n|-supereffective|p2a: Buzzwole\n|-damage|p2a: Buzzwole|0 fnt\n|faint|p2a: Buzzwole\n|\n|upkeep\n|\n|t:|1790685564\n|switch|p2a: Dragapult|Dragapult, M|34/100\n|-damage|p2a: Dragapult|22/100|[from] Stealth Rock\n|turn|29\n|inactive|damien the genius has 30 seconds left.\n|\n|t:|1790685597\n|move|p2a: Dragapult|Shadow Ball|p1a: Tapu Lele\n|-supereffective|p1a: Tapu Lele\n|-damage|p1a: Tapu Lele|0 fnt\n|faint|p1a: Tapu Lele\n|\n|upkeep\n|inactive|damien the genius has 30 seconds left.\n|inactive|damien the genius has 20 seconds left.\n|\n|t:|1790685615\n|switch|p1a: Landorus|Landorus-Therian, M|64/100 tox\n|-ability|p1a: Landorus|Intimidate|boost\n|-unboost|p2a: Dragapult|atk|1\n|turn|30\n|inactive|damien the genius has 30 seconds left this turn.\n|\n|t:|1790685619\n|move|p2a: Dragapult|Shadow Ball|p1a: Landorus\n|-damage|p1a: Landorus|21/100 tox\n|-unboost|p1a: Landorus|spd|1\n|move|p1a: Landorus|Earthquake|p2a: Dragapult\n|-damage|p2a: Dragapult|0 fnt\n|faint|p2a: Dragapult\n|\n|win|damien the genius\n|c|\u2606damien the genius|gg\n|c|\u2606Separation|gg\n", "uploadtime": 1790685619, "views": "274", "formatid": "gen8ou", "rating": null, "private": 0, "password": null}