{"id": "smogtours-gen8ou-977425", "format": "[Gen 8] OU", "players": ["BLACK L0TU$", "Jeozr"], "log": "|inactive|Battle timer is ON: inactive players will automatically lose when time's up.\n|t:|1791345572\n|gametype|singles\n|player|p1|BLACK L0TU$|lucas|\n|player|p2|Jeozr|#losjuegosdelazarv|\n|gen|8\n|tier|[Gen 8] OU\n|rule|HP Percentage Mod: HP is shown in percentages\n|rule|Endless Battle Clause: Forcing endless battles is banned\n|rule|Sleep Clause Mod: Limit one foe put to sleep\n|rule|Species Clause: Limit one of each Pok\u00e9mon\n|rule|OHKO Clause: OHKO moves are banned\n|rule|Evasion Items Clause: Evasion items are banned\n|rule|Evasion Moves Clause: Evasion moves are banned\n|rule|Dynamax Clause: You cannot dynamax\n|clearpoke\n|poke|p1|Marowak-Alola, M|\n|poke|p1|Slowbro, M|\n|poke|p1|Stakataka|\n|poke|p1|Landorus-Therian, M|\n|poke|p1|Tornadus-Therian, M|\n|poke|p1|Weavile, F|\n|poke|p2|Garchomp, F|\n|poke|p2|Ferrothorn, M|\n|poke|p2|Clefable, M|\n|poke|p2|Rotom-Wash|\n|poke|p2|Tornadus-Therian, M|\n|poke|p2|Weavile, F|\n|teampreview\n|inactive|Jeozr also wants the timer to be on.\n|c|\u2606Jeozr|hf\n|c|\u2606BLACK L0TU$|hf\n|inactive|BLACK L0TU$ has 270 seconds left.\n|inactive|Jeozr has 270 seconds left.\n|inactive|Jeozr has 240 seconds left.\n|inactive|Jeozr has 210 seconds left.\n|\n|t:|1791345669\n|teamsize|p1|6\n|teamsize|p2|6\n|start\n|switch|p1a: Weavile|Weavile, F|100/100\n|switch|p2a: Blindnadus|Tornadus-Therian, M|100/100\n|-ability|p1a: Weavile|Pressure\n|turn|1\n|\n|t:|1791345676\n|switch|p2a: Ferrothorn|Ferrothorn, M|100/100\n|move|p1a: Weavile|Knock Off|p2a: Ferrothorn\n|-damage|p2a: Ferrothorn|50/100\n|-damage|p1a: Weavile|88/100|[from] ability: Iron Barbs|[of] p2a: Ferrothorn\n|-damage|p1a: Weavile|72/100|[from] item: Rocky Helmet|[of] p2a: Ferrothorn\n|-enditem|p2a: Ferrothorn|Rocky Helmet|[from] move: Knock Off|[of] p1a: Weavile\n|\n|upkeep\n|turn|2\n|\n|t:|1791345693\n|move|p1a: Weavile|Knock Off|p2a: Ferrothorn\n|-damage|p2a: Ferrothorn|17/100\n|-damage|p1a: Weavile|59/100|[from] ability: Iron Barbs|[of] p2a: Ferrothorn\n|move|p2a: Ferrothorn|Leech Seed|p1a: Weavile\n|-start|p1a: Weavile|move: Leech Seed\n|\n|-damage|p1a: Weavile|47/100|[from] Leech Seed|[of] p2a: Ferrothorn\n|-heal|p2a: Ferrothorn|27/100|[silent]\n|upkeep\n|turn|3\n|\n|t:|1791345708\n|switch|p2a: Clefable|Clefable, M|100/100\n|move|p1a: Weavile|Knock Off|p2a: Clefable\n|-resisted|p2a: Clefable\n|-damage|p2a: Clefable|71/100\n|-enditem|p2a: Clefable|Leftovers|[from] move: Knock Off|[of] p1a: Weavile\n|\n|-damage|p1a: Weavile|34/100|[from] Leech Seed|[of] p2a: Clefable\n|-heal|p2a: Clefable|80/100|[silent]\n|upkeep\n|turn|4\n|\n|t:|1791345718\n|switch|p1a: Slowbro|Slowbro, M|100/100\n|move|p2a: Clefable|Stealth Rock|p1a: Slowbro\n|-sidestart|p1: BLACK L0TU$|move: Stealth Rock\n|\n|upkeep\n|turn|5\n|\n|t:|1791345734\n|switch|p2a: Ferrothorn|Ferrothorn, M|27/100\n|move|p1a: Slowbro|Trick Room|p1a: Slowbro\n|-fieldstart|move: Trick Room|[of] p1a: Slowbro\n|\n|upkeep\n|turn|6\n|\n|t:|1791345743\n|move|p2a: Ferrothorn|Spikes|p1a: Slowbro\n|-sidestart|p1: BLACK L0TU$|Spikes\n|move|p1a: Slowbro|Teleport|p1a: Slowbro\n|\n|t:|1791345748\n|switch|p1a: Landorus|Landorus-Therian, M|100/100|[from] Teleport\n|-damage|p1a: Landorus|88/100|[from] Stealth Rock\n|-ability|p1a: Landorus|Intimidate|boost\n|-unboost|p2a: Ferrothorn|atk|1\n|\n|-heal|p1a: Landorus|94/100|[from] item: Leftovers\n|upkeep\n|turn|7\n|\n|t:|1791345760\n|switch|p2a: Rotom|Rotom-Wash|100/100\n|move|p1a: Landorus|Defog|p2a: Rotom\n|-unboost|p2a: Rotom|evasion|1\n|-sideend|p1: BLACK L0TU$|Spikes|[from] move: Defog|[of] p1a: Landorus\n|-sideend|p1: BLACK L0TU$|Stealth Rock|[from] move: Defog|[of] p1a: Landorus\n|\n|-heal|p1a: Landorus|99/100|[from] item: Leftovers\n|upkeep\n|turn|8\n|\n|t:|1791345769\n|move|p1a: Landorus|Knock Off|p2a: Rotom\n|-damage|p2a: Rotom|67/100\n|-enditem|p2a: Rotom|Leftovers|[from] move: Knock Off|[of] p1a: Landorus\n|move|p2a: Rotom|Hydro Pump|p1a: Landorus\n|-supereffective|p1a: Landorus\n|-damage|p1a: Landorus|37/100\n|\n|-heal|p1a: Landorus|43/100|[from] item: Leftovers\n|upkeep\n|turn|9\n|\n|t:|1791345783\n|switch|p1a: Tornadus|Tornadus-Therian, M|100/100\n|move|p2a: Rotom|Thunder Wave|p1a: Tornadus\n|-status|p1a: Tornadus|par\n|\n|-fieldend|move: Trick Room\n|upkeep\n|turn|10\n|\n|t:|1791345790\n|move|p2a: Rotom|Pain Split|p1a: Tornadus\n|-sethp|p1a: Tornadus|78/100 par|[from] move: Pain Split|[silent]\n|-sethp|p2a: Rotom|93/100|[from] move: Pain Split\n|cant|p1a: Tornadus|par\n|\n|upkeep\n|turn|11\n|\n|t:|1791345795\n|move|p2a: Rotom|Volt Switch|p1a: Tornadus\n|-supereffective|p1a: Tornadus\n|-damage|p1a: Tornadus|22/100 par\n|\n|t:|1791345809\n|switch|p2a: Garchomp|Garchomp, F|100/100|[from] Volt Switch\n|cant|p1a: Tornadus|par\n|\n|upkeep\n|turn|12\n|c|\u2606Jeozr|mb\n|c|\u2606BLACK L0TU$|np\n|\n|t:|1791345824\n|switch|p1a: Slowbro|Slowbro, M|100/100\n|move|p2a: Garchomp|Scale Shot|p1a: Slowbro\n|-damage|p1a: Slowbro|90/100\n|-damage|p1a: Slowbro|80/100\n|-damage|p1a: Slowbro|71/100\n|-damage|p1a: Slowbro|61/100\n|-damage|p1a: Slowbro|52/100\n|-hitcount|p1a: Slowbro|5\n|-unboost|p2a: Garchomp|def|1\n|-boost|p2a: Garchomp|spe|1\n|\n|upkeep\n|turn|13\n|\n|t:|1791345854\n|switch|p2a: Rotom|Rotom-Wash|93/100\n|move|p1a: Slowbro|Trick Room|p1a: Slowbro\n|-fieldstart|move: Trick Room|[of] p1a: Slowbro\n|\n|upkeep\n|turn|14\n|\n|t:|1791345871\n|switch|p1a: Tornadus|Tornadus-Therian, M|55/100 par\n|move|p2a: Rotom|Hydro Pump|p1a: Tornadus\n|-damage|p1a: Tornadus|15/100 par\n|\n|upkeep\n|turn|15\n|\n|t:|1791345881\n|cant|p1a: Tornadus|par\n|move|p2a: Rotom|Hydro Pump|p1a: Tornadus|[miss]\n|-miss|p2a: Rotom|p1a: Tornadus\n|\n|upkeep\n|turn|16\n|\n|t:|1791345885\n|move|p1a: Tornadus|Knock Off|p2a: Rotom\n|-damage|p2a: Rotom|80/100\n|move|p2a: Rotom|Volt Switch|p1a: Tornadus\n|-supereffective|p1a: Tornadus\n|-damage|p1a: Tornadus|0 fnt\n|faint|p1a: Tornadus\n|\n|t:|1791345890\n|switch|p2a: Garchomp|Garchomp, F|100/100|[from] Volt Switch\n|\n|upkeep\n|\n|t:|1791345896\n|switch|p1a: Stakataka|Stakataka, shiny|100/100\n|-item|p1a: Stakataka|Air Balloon\n|turn|17\n|\n|t:|1791345904\n|switch|p2a: Rotom|Rotom-Wash|80/100\n|move|p1a: Stakataka|Gyro Ball|p2a: Rotom\n|-resisted|p2a: Rotom\n|-damage|p2a: Rotom|58/100\n|\n|-fieldend|move: Trick Room\n|upkeep\n|turn|18\n|\n|t:|1791345912\n|move|p2a: Rotom|Hydro Pump|p1a: Stakataka\n|-supereffective|p1a: Stakataka\n|-damage|p1a: Stakataka|21/100\n|-enditem|p1a: Stakataka|Air Balloon\n|move|p1a: Stakataka|Trick Room|p1a: Stakataka\n|-fieldstart|move: Trick Room|[of] p1a: Stakataka\n|\n|upkeep\n|turn|19\n|\n|t:|1791345918\n|switch|p2a: Garchomp|Garchomp, F|100/100\n|move|p1a: Stakataka|Stone Edge|p2a: Garchomp\n|-resisted|p2a: Garchomp\n|-damage|p2a: Garchomp|72/100\n|\n|-heal|p2a: Garchomp|78/100|[from] item: Leftovers\n|upkeep\n|turn|20\n|\n|t:|1791345921\n|switch|p2a: Ferrothorn|Ferrothorn, M|27/100\n|move|p1a: Stakataka|Gyro Ball|p2a: Ferrothorn\n|-resisted|p2a: Ferrothorn\n|-damage|p2a: Ferrothorn|15/100\n|-damage|p1a: Stakataka|9/100|[from] ability: Iron Barbs|[of] p2a: Ferrothorn\n|\n|upkeep\n|turn|21\n|\n|t:|1791345925\n|switch|p2a: Blindnadus|Tornadus-Therian, M|100/100\n|move|p1a: Stakataka|Stone Edge|p2a: Blindnadus\n|-supereffective|p2a: Blindnadus\n|-damage|p2a: Blindnadus|0 fnt\n|faint|p2a: Blindnadus\n|-ability|p1a: Stakataka|Beast Boost|boost\n|-boost|p1a: Stakataka|atk|1\n|\n|upkeep\n|c|\u2606Jeozr|o\n|\n|t:|1791345934\n|switch|p2a: Weavile|Weavile, F|100/100\n|turn|22\n|\n|t:|1791345938\n|switch|p2a: Ferrothorn|Ferrothorn, M|15/100\n|move|p1a: Stakataka|Stone Edge|p2a: Ferrothorn\n|-resisted|p2a: Ferrothorn\n|-damage|p2a: Ferrothorn|0 fnt\n|faint|p2a: Ferrothorn\n|-ability|p1a: Stakataka|Beast Boost|boost\n|-boost|p1a: Stakataka|atk|1\n|\n|-fieldend|move: Trick Room\n|upkeep\n|\n|t:|1791345952\n|switch|p2a: Clefable|Clefable, M|80/100\n|turn|23\n|\n|t:|1791345964\n|move|p2a: Clefable|Moonblast|p1a: Stakataka\n|-resisted|p1a: Stakataka\n|-damage|p1a: Stakataka|0 fnt\n|faint|p1a: Stakataka\n|\n|upkeep\n|\n|t:|1791345966\n|switch|p1a: Slowbro|Slowbro, M|85/100\n|turn|24\n|\n|t:|1791345970\n|move|p2a: Clefable|Stealth Rock|p1a: Slowbro\n|-sidestart|p1: BLACK L0TU$|move: Stealth Rock\n|move|p1a: Slowbro|Trick Room|p1a: Slowbro\n|-fieldstart|move: Trick Room|[of] p1a: Slowbro\n|\n|upkeep\n|turn|25\n|\n|t:|1791345974\n|move|p2a: Clefable|Soft-Boiled|p2a: Clefable\n|-heal|p2a: Clefable|100/100\n|move|p1a: Slowbro|Teleport|p1a: Slowbro\n|\n|t:|1791345981\n|switch|p1a: Marowak|Marowak-Alola, M|100/100|[from] Teleport\n|-damage|p1a: Marowak|76/100|[from] Stealth Rock\n|\n|upkeep\n|turn|26\n|\n|t:|1791345987\n|move|p1a: Marowak|Swords Dance|p1a: Marowak\n|-boost|p1a: Marowak|atk|2\n|move|p2a: Clefable|Knock Off|p1a: Marowak\n|-supereffective|p1a: Marowak\n|-damage|p1a: Marowak|44/100\n|-enditem|p1a: Marowak|Thick Club|[from] move: Knock Off|[of] p2a: Clefable\n|\n|upkeep\n|turn|27\n|\n|t:|1791346003\n|move|p1a: Marowak|Flare Blitz|p2a: Clefable\n|-damage|p2a: Clefable|28/100\n|move|p2a: Clefable|Moonblast|p1a: Marowak\n|-resisted|p1a: Marowak\n|-damage|p1a: Marowak|24/100\n|\n|upkeep\n|turn|28\n|\n|t:|1791346015\n|move|p1a: Marowak|Poltergeist||[still]\n|-fail|p1a: Marowak\n|move|p2a: Clefable|Moonblast|p1a: Marowak\n|-resisted|p1a: Marowak\n|-damage|p1a: Marowak|5/100\n|-unboost|p1a: Marowak|spa|1\n|\n|-fieldend|move: Trick Room\n|upkeep\n|turn|29\n|c|\u2606BLACK L0TU$|forgot\n|\n|t:|1791346032\n|move|p2a: Clefable|Moonblast|p1a: Marowak\n|-resisted|p1a: Marowak\n|-damage|p1a: Marowak|0 fnt\n|faint|p1a: Marowak\n|\n|upkeep\n|\n|t:|1791346037\n|switch|p1a: Landorus|Landorus-Therian, M|43/100\n|-damage|p1a: Landorus|30/100|[from] Stealth Rock\n|-ability|p1a: Landorus|Intimidate|boost\n|-unboost|p2a: Clefable|atk|1\n|turn|30\n|\n|t:|1791346043\n|move|p1a: Landorus|Earthquake|p2a: Clefable\n|-damage|p2a: Clefable|0 fnt\n|faint|p2a: Clefable\n|\n|-heal|p1a: Landorus|36/100|[from] item: Leftovers\n|upkeep\n|\n|t:|1791346049\n|switch|p2a: Weavile|Weavile, F|100/100\n|turn|31\n|\n|t:|1791346055\n|move|p2a: Weavile|Ice Shard|p1a: Landorus\n|-supereffective|p1a: Landorus\n|-damage|p1a: Landorus|0 fnt\n|faint|p1a: Landorus\n|\n|upkeep\n|\n|t:|1791346057\n|switch|p1a: Slowbro|Slowbro, M|100/100\n|-damage|p1a: Slowbro|88/100|[from] Stealth Rock\n|turn|32\n|\n|t:|1791346063\n|move|p2a: Weavile|Knock Off|p1a: Slowbro\n|-supereffective|p1a: Slowbro\n|-enditem|p1a: Slowbro|Colbur Berry|[eat]\n|-enditem|p1a: Slowbro|Colbur Berry|[weaken]\n|-damage|p1a: Slowbro|53/100\n|move|p1a: Slowbro|Scald|p2a: Weavile\n|-damage|p2a: Weavile|61/100\n|-status|p2a: Weavile|brn\n|\n|-damage|p2a: Weavile|55/100 brn|[from] brn\n|upkeep\n|turn|33\n|\n|t:|1791346081\n|switch|p2a: Rotom|Rotom-Wash|58/100\n|move|p1a: Slowbro|Scald|p2a: Rotom\n|-resisted|p2a: Rotom\n|-damage|p2a: Rotom|48/100\n|\n|upkeep\n|turn|34\n|\n|t:|1791346088\n|move|p2a: Rotom|Volt Switch|p1a: Slowbro\n|-supereffective|p1a: Slowbro\n|-damage|p1a: Slowbro|14/100\n|\n|t:|1791346089\n|switch|p2a: Garchomp|Garchomp, F|78/100|[from] Volt Switch\n|move|p1a: Slowbro|Scald|p2a: Garchomp\n|-damage|p2a: Garchomp|47/100\n|\n|-heal|p2a: Garchomp|53/100|[from] item: Leftovers\n|upkeep\n|turn|35\n|\n|t:|1791346097\n|move|p2a: Garchomp|Earthquake|p1a: Slowbro\n|-damage|p1a: Slowbro|0 fnt\n|faint|p1a: Slowbro\n|\n|-heal|p2a: Garchomp|60/100|[from] item: Leftovers\n|upkeep\n|\n|t:|1791346101\n|switch|p1a: Weavile|Weavile, F|34/100\n|-damage|p1a: Weavile|9/100|[from] Stealth Rock\n|-ability|p1a: Weavile|Pressure\n|turn|36\n|inactive|BLACK L0TU$ has 270 seconds left.\n|\n|t:|1791346132\n|move|p1a: Weavile|Knock Off|p2a: Garchomp\n|-damage|p2a: Garchomp|0 fnt\n|-damage|p1a: Weavile|0 fnt|[from] ability: Rough Skin|[of] p2a: Garchomp\n|faint|p2a: Garchomp\n|faint|p1a: Weavile\n|\n|win|Jeozr\n|c|\u2606BLACK L0TU$|ggs\n|c|\u2606Jeozr|ggs\n|player|p1|\n", "uploadtime": 1791346132, "views": "69", "formatid": "gen8ou", "rating": null, "private": 0, "password": null}