{"id": "smogtours-gen8ou-975478", "format": "[Gen 8] OU", "players": ["Separation", "damien the genius"], "log": "|inactive|Battle timer is ON: inactive players will automatically lose when time's up.\n|badge|p1|silver|gen9randombattle|30-10\n|uhtml|medal-msg|<div class=\"broadcast-blue\">Curious what those medals under the avatar are? PS now has Ladder Seasons! For more information, check out the <a href=\"https://www.smogon.com/forums/threads/3740067/\">thread on Smogon.</a></div>\n|t:|1790685765\n|gametype|singles\n|player|p1|Separation|#separation|\n|player|p2|damien the genius|#wcop2023oceania|\n|gen|8\n|tier|[Gen 8] OU\n|rule|HP Percentage Mod: HP is shown in percentages\n|rule|Endless Battle Clause: Forcing endless battles is banned\n|rule|Sleep Clause Mod: Limit one foe put to sleep\n|rule|Species Clause: Limit one of each Pok\u00e9mon\n|rule|OHKO Clause: OHKO moves are banned\n|rule|Evasion Items Clause: Evasion items are banned\n|rule|Evasion Moves Clause: Evasion moves are banned\n|rule|Dynamax Clause: You cannot dynamax\n|clearpoke\n|poke|p1|Tapu Koko|\n|poke|p1|Hippowdon, M|\n|poke|p1|Clefable, M|\n|poke|p1|Skarmory, M|\n|poke|p1|Reuniclus, M|\n|poke|p1|Toxapex, F|\n|poke|p2|Slowking-Galar, F|\n|poke|p2|Landorus-Therian, M|\n|poke|p2|Mandibuzz, F|\n|poke|p2|Ferrothorn, M|\n|poke|p2|Tapu Koko|\n|poke|p2|Urshifu-*, F|\n|teampreview\n|c|\u2606damien the genius|hf\n|c|\u2606Separation|hf\n|inactive|Separation has 270 seconds left.\n|inactive|damien the genius has 270 seconds left.\n|inactive|damien the genius has 240 seconds left.\n|\n|t:|1790685842\n|teamsize|p1|6\n|teamsize|p2|6\n|start\n|switch|p1a: Toxapex|Toxapex, F|100/100\n|switch|p2a: Urshifu|Urshifu-Rapid-Strike, F|100/100\n|turn|1\n|\n|t:|1790685858\n|switch|p2a: Slowking|Slowking-Galar, F|100/100\n|move|p1a: Toxapex|Knock Off|p2a: Slowking\n|-supereffective|p2a: Slowking\n|-damage|p2a: Slowking|68/100\n|-enditem|p2a: Slowking|Assault Vest|[from] move: Knock Off|[of] p1a: Toxapex\n|\n|upkeep\n|turn|2\n|\n|t:|1790685871\n|switch|p1a: Hippowdon|Hippowdon, M|100/100\n|-weather|Sandstorm|[from] ability: Sand Stream|[of] p1a: Hippowdon\n|move|p2a: Slowking|Future Sight|p1a: Hippowdon\n|-start|p2a: Slowking|move: Future Sight\n|\n|-weather|Sandstorm|[upkeep]\n|-damage|p2a: Slowking|62/100|[from] Sandstorm\n|upkeep\n|turn|3\n|inactive|Separation has 270 seconds left.\n|inactive|damien the genius has 270 seconds left.\n|inactive|Separation has 240 seconds left.\n|\n|t:|1790685932\n|switch|p1a: Tapu Koko|Tapu Koko|100/100\n|-fieldstart|move: Electric Terrain|[from] ability: Electric Surge|[of] p1a: Tapu Koko\n|switch|p2a: Ferrothorn|Ferrothorn, M|100/100\n|\n|-weather|Sandstorm|[upkeep]\n|-damage|p1a: Tapu Koko|94/100|[from] Sandstorm\n|upkeep\n|turn|4\n|inactive|damien the genius has 270 seconds left.\n|inactive|Separation has 240 seconds left.\n|inactive|damien the genius has 240 seconds left.\n|\n|t:|1790685978\n|switch|p1a: Reuniclus|Reuniclus, M|100/100\n|move|p2a: Ferrothorn|Knock Off|p1a: Reuniclus\n|-supereffective|p1a: Reuniclus\n|-damage|p1a: Reuniclus|54/100\n|-enditem|p1a: Reuniclus|Leftovers|[from] move: Knock Off|[of] p2a: Ferrothorn\n|\n|-weather|Sandstorm|[upkeep]\n|-end|p1a: Reuniclus|move: Future Sight\n|-resisted|p1a: Reuniclus\n|-damage|p1a: Reuniclus|36/100\n|upkeep\n|turn|5\n|\n|t:|1790685993\n|move|p1a: Reuniclus|Recover|p1a: Reuniclus\n|-heal|p1a: Reuniclus|86/100\n|move|p2a: Ferrothorn|Spikes|p1a: Reuniclus\n|-sidestart|p1: Separation|Spikes\n|\n|-weather|Sandstorm|[upkeep]\n|upkeep\n|turn|6\n|inactive|damien the genius has 240 seconds left.\n|\n|t:|1790686002\n|switch|p2a: Mandibuzz|Mandibuzz, F|100/100\n|move|p1a: Reuniclus|Knock Off|p2a: Mandibuzz\n|-resisted|p2a: Mandibuzz\n|-damage|p2a: Mandibuzz|96/100\n|-enditem|p2a: Mandibuzz|Heavy-Duty Boots|[from] move: Knock Off|[of] p1a: Reuniclus\n|\n|-weather|none\n|upkeep\n|turn|7\n|inactive|Separation has 240 seconds left.\n|inactive|damien the genius has 240 seconds left.\n|\n|t:|1790686017\n|switch|p2a: Slowking|Slowking-Galar, F|95/100\n|switch|p1a: Hippowdon|Hippowdon, M|100/100\n|-damage|p1a: Hippowdon|88/100|[from] Spikes\n|-weather|Sandstorm|[from] ability: Sand Stream|[of] p1a: Hippowdon\n|\n|-weather|Sandstorm|[upkeep]\n|-damage|p2a: Slowking|89/100|[from] Sandstorm\n|-heal|p1a: Hippowdon|94/100|[from] item: Leftovers\n|-fieldend|move: Electric Terrain\n|upkeep\n|turn|8\n|inactive|damien the genius has 240 seconds left.\n|\n|t:|1790686029\n|switch|p2a: Ferrothorn|Ferrothorn, M|100/100\n|move|p1a: Hippowdon|Stealth Rock|p2a: Ferrothorn\n|-sidestart|p2: damien the genius|move: Stealth Rock\n|\n|-weather|Sandstorm|[upkeep]\n|-heal|p1a: Hippowdon|100/100|[from] item: Leftovers\n|upkeep\n|turn|9\n|inactive|damien the genius has 240 seconds left.\n|inactive|Separation has 240 seconds left.\n|inactive|damien the genius has 210 seconds left.\n|\n|t:|1790686076\n|switch|p1a: Reuniclus|Reuniclus, M|86/100\n|switch|p2a: Slowking|Slowking-Galar, F|100/100\n|-damage|p2a: Slowking|88/100|[from] Stealth Rock\n|\n|-weather|Sandstorm|[upkeep]\n|-damage|p2a: Slowking|82/100|[from] Sandstorm\n|upkeep\n|turn|10\n|inactive|damien the genius has 210 seconds left.\n|inactive|Separation has 240 seconds left.\n|\n|t:|1790686091\n|move|p1a: Reuniclus|Psyshock|p2a: Slowking\n|-damage|p2a: Slowking|47/100\n|move|p2a: Slowking|Future Sight|p1a: Reuniclus\n|-start|p2a: Slowking|move: Future Sight\n|\n|-weather|Sandstorm|[upkeep]\n|-damage|p2a: Slowking|40/100|[from] Sandstorm\n|upkeep\n|turn|11\n|inactive|Separation has 240 seconds left.\n|inactive|damien the genius has 210 seconds left.\n|\n|t:|1790686112\n|switch|p2a: Landorus|Landorus-Therian, M|100/100\n|-damage|p2a: Landorus|88/100|[from] Stealth Rock\n|-ability|p2a: Landorus|Intimidate|boost\n|-unboost|p1a: Reuniclus|atk|1\n|move|p1a: Reuniclus|Knock Off|p2a: Landorus\n|-damage|p2a: Landorus|77/100\n|-enditem|p2a: Landorus|Leftovers|[from] move: Knock Off|[of] p1a: Reuniclus\n|\n|-weather|none\n|upkeep\n|turn|12\n|inactive|Separation has 240 seconds left.\n|inactive|damien the genius has 180 seconds left.\n|inactive|Separation has 210 seconds left.\n|\n|t:|1790686167\n|move|p2a: Landorus|Stealth Rock|p1a: Reuniclus\n|-sidestart|p1: Separation|move: Stealth Rock\n|move|p1a: Reuniclus|Recover|p1a: Reuniclus\n|-heal|p1a: Reuniclus|100/100\n|\n|-end|p1a: Reuniclus|move: Future Sight\n|-resisted|p1a: Reuniclus\n|-damage|p1a: Reuniclus|82/100\n|upkeep\n|turn|13\n|inactive|damien the genius has 180 seconds left.\n|\n|t:|1790686184\n|switch|p1a: Skarmory|Skarmory, M|100/100\n|-damage|p1a: Skarmory|88/100|[from] Stealth Rock\n|move|p2a: Landorus|Knock Off|p1a: Skarmory\n|-damage|p1a: Skarmory|67/100\n|-damage|p2a: Landorus|60/100|[from] item: Rocky Helmet|[of] p1a: Skarmory\n|-enditem|p1a: Skarmory|Rocky Helmet|[from] move: Knock Off|[of] p2a: Landorus\n|\n|upkeep\n|turn|14\n|inactive|damien the genius has 180 seconds left.\n|\n|t:|1790686198\n|switch|p2a: Tapu Koko|Tapu Koko|100/100\n|-damage|p2a: Tapu Koko|88/100|[from] Stealth Rock\n|-fieldstart|move: Electric Terrain|[from] ability: Electric Surge|[of] p2a: Tapu Koko\n|move|p1a: Skarmory|Spikes|p2a: Tapu Koko\n|-sidestart|p2: damien the genius|Spikes\n|\n|upkeep\n|turn|15\n|inactive|damien the genius has 180 seconds left.\n|\n|t:|1790686229\n|switch|p1a: Clefable|Clefable, M|100/100\n|move|p2a: Tapu Koko|Thunderbolt|p1a: Clefable\n|-damage|p1a: Clefable|25/100\n|\n|-heal|p1a: Clefable|31/100|[from] item: Leftovers\n|upkeep\n|turn|16\n|\n|t:|1790686244\n|switch|p1a: Hippowdon|Hippowdon, M|100/100\n|-damage|p1a: Hippowdon|88/100|[from] Spikes\n|-damage|p1a: Hippowdon|82/100|[from] Stealth Rock\n|-weather|Sandstorm|[from] ability: Sand Stream|[of] p1a: Hippowdon\n|move|p2a: Tapu Koko|Thunderbolt|p1a: Hippowdon\n|-immune|p1a: Hippowdon\n|\n|-weather|Sandstorm|[upkeep]\n|-damage|p2a: Tapu Koko|82/100|[from] Sandstorm\n|-heal|p1a: Hippowdon|88/100|[from] item: Leftovers\n|upkeep\n|turn|17\n|inactive|damien the genius has 150 seconds left.\n|\n|t:|1790686275\n|switch|p2a: Ferrothorn|Ferrothorn, M|100/100\n|-damage|p2a: Ferrothorn|94/100|[from] Stealth Rock\n|-damage|p2a: Ferrothorn|82/100|[from] Spikes\n|move|p1a: Hippowdon|Earthquake|p2a: Ferrothorn\n|-crit|p2a: Ferrothorn\n|-damage|p2a: Ferrothorn|50/100\n|\n|-weather|Sandstorm|[upkeep]\n|-heal|p1a: Hippowdon|94/100|[from] item: Leftovers\n|-heal|p2a: Ferrothorn|56/100|[from] item: Leftovers\n|upkeep\n|turn|18\n|inactive|damien the genius has 150 seconds left.\n|\n|t:|1790686291\n|switch|p1a: Reuniclus|Reuniclus, M|82/100\n|move|p2a: Ferrothorn|Knock Off|p1a: Reuniclus\n|-supereffective|p1a: Reuniclus\n|-damage|p1a: Reuniclus|49/100\n|\n|-weather|Sandstorm|[upkeep]\n|-heal|p2a: Ferrothorn|63/100|[from] item: Leftovers\n|-fieldend|move: Electric Terrain\n|upkeep\n|turn|19\n|inactive|damien the genius has 150 seconds left.\n|inactive|damien the genius has 120 seconds left.\n|\n|t:|1790686334\n|switch|p2a: Landorus|Landorus-Therian, M|60/100\n|-damage|p2a: Landorus|48/100|[from] Stealth Rock\n|-ability|p2a: Landorus|Intimidate|boost\n|-unboost|p1a: Reuniclus|atk|1\n|move|p1a: Reuniclus|Recover|p1a: Reuniclus\n|-heal|p1a: Reuniclus|99/100\n|\n|-weather|Sandstorm|[upkeep]\n|upkeep\n|turn|20\n|inactive|damien the genius has 120 seconds left.\n|inactive|Separation has 180 seconds left.\n|\n|t:|1790686373\n|switch|p1a: Skarmory|Skarmory, M|67/100\n|-damage|p1a: Skarmory|54/100|[from] Stealth Rock\n|move|p2a: Landorus|Knock Off|p1a: Skarmory\n|-damage|p1a: Skarmory|40/100\n|\n|-weather|none\n|upkeep\n|turn|21\n|\n|t:|1790686383\n|switch|p2a: Tapu Koko|Tapu Koko|82/100\n|-damage|p2a: Tapu Koko|70/100|[from] Stealth Rock\n|-damage|p2a: Tapu Koko|57/100|[from] Spikes\n|-fieldstart|move: Electric Terrain|[from] ability: Electric Surge|[of] p2a: Tapu Koko\n|move|p1a: Skarmory|Roost|p1a: Skarmory\n|-heal|p1a: Skarmory|90/100\n|-singleturn|p1a: Skarmory|move: Roost\n|\n|upkeep\n|turn|22\n|inactive|damien the genius has 120 seconds left.\n|inactive|damien the genius has 90 seconds left.\n|\n|t:|1790686419\n|switch|p1a: Reuniclus|Reuniclus, M|99/100\n|move|p2a: Tapu Koko|Thunderbolt|p1a: Reuniclus\n|-damage|p1a: Reuniclus|47/100\n|\n|upkeep\n|turn|23\n|inactive|damien the genius has 90 seconds left.\n|\n|t:|1790686437\n|switch|p2a: Urshifu|Urshifu-Rapid-Strike, F|100/100\n|-damage|p2a: Urshifu|94/100|[from] Stealth Rock\n|-damage|p2a: Urshifu|82/100|[from] Spikes\n|switch|p1a: Hippowdon|Hippowdon, M|94/100\n|-damage|p1a: Hippowdon|82/100|[from] Spikes\n|-damage|p1a: Hippowdon|76/100|[from] Stealth Rock\n|-weather|Sandstorm|[from] ability: Sand Stream|[of] p1a: Hippowdon\n|\n|-weather|Sandstorm|[upkeep]\n|-damage|p2a: Urshifu|76/100|[from] Sandstorm\n|-heal|p1a: Hippowdon|82/100|[from] item: Leftovers\n|upkeep\n|turn|24\n|inactive|damien the genius has 90 seconds left.\n|\n|t:|1790686445\n|switch|p1a: Toxapex|Toxapex, F|100/100\n|-damage|p1a: Toxapex|88/100|[from] Spikes\n|-damage|p1a: Toxapex|75/100|[from] Stealth Rock\n|move|p2a: Urshifu|U-turn|p1a: Toxapex\n|-resisted|p1a: Toxapex\n|-damage|p1a: Toxapex|64/100\n|inactive|damien the genius has 90 seconds left.\n|\n|t:|1790686468\n|switch|p2a: Tapu Koko|Tapu Koko|57/100|[from] U-turn\n|-damage|p2a: Tapu Koko|45/100|[from] Stealth Rock\n|-damage|p2a: Tapu Koko|32/100|[from] Spikes\n|\n|-weather|Sandstorm|[upkeep]\n|-damage|p2a: Tapu Koko|26/100|[from] Sandstorm\n|-damage|p1a: Toxapex|58/100|[from] Sandstorm\n|-heal|p1a: Toxapex|64/100|[from] item: Black Sludge\n|upkeep\n|turn|25\n|\n|t:|1790686484\n|switch|p1a: Clefable|Clefable, M|31/100\n|move|p2a: Tapu Koko|Dazzling Gleam|p1a: Clefable\n|-damage|p1a: Clefable|0 fnt\n|faint|p1a: Clefable\n|\n|-weather|Sandstorm|[upkeep]\n|-damage|p2a: Tapu Koko|20/100|[from] Sandstorm\n|-fieldend|move: Electric Terrain\n|upkeep\n|\n|t:|1790686495\n|switch|p1a: Reuniclus|Reuniclus, M|47/100\n|turn|26\n|\n|t:|1790686515\n|switch|p2a: Mandibuzz|Mandibuzz, F|96/100\n|-damage|p2a: Mandibuzz|71/100|[from] Stealth Rock\n|move|p1a: Reuniclus|Recover|p1a: Reuniclus\n|-heal|p1a: Reuniclus|97/100\n|\n|-weather|Sandstorm|[upkeep]\n|upkeep\n|turn|27\n|inactive|Separation has 180 seconds left.\n|inactive|Separation has 150 seconds left.\n|\n|t:|1790686557\n|switch|p1a: Hippowdon|Hippowdon, M|82/100\n|-damage|p1a: Hippowdon|70/100|[from] Spikes\n|-damage|p1a: Hippowdon|63/100|[from] Stealth Rock\n|move|p2a: Mandibuzz|Defog|p1a: Hippowdon\n|-unboost|p1a: Hippowdon|evasion|1\n|-sideend|p1: Separation|Spikes|[from] move: Defog|[of] p2a: Mandibuzz\n|-sideend|p1: Separation|Stealth Rock|[from] move: Defog|[of] p2a: Mandibuzz\n|-sideend|p2: damien the genius|Spikes|[from] move: Defog|[of] p2a: Mandibuzz\n|-sideend|p2: damien the genius|Stealth Rock|[from] move: Defog|[of] p2a: Mandibuzz\n|\n|-weather|none\n|-heal|p1a: Hippowdon|70/100|[from] item: Leftovers\n|upkeep\n|turn|28\n|inactive|damien the genius has 60 seconds left.\n|\n|t:|1790686575\n|move|p2a: Mandibuzz|U-turn|p1a: Hippowdon\n|-damage|p1a: Hippowdon|61/100\n|inactive|damien the genius has 60 seconds left.\n|\n|t:|1790686585\n|switch|p2a: Landorus|Landorus-Therian, M|48/100|[from] U-turn\n|-ability|p2a: Landorus|Intimidate|boost\n|-unboost|p1a: Hippowdon|atk|1\n|move|p1a: Hippowdon|Stealth Rock|p2a: Landorus\n|-sidestart|p2: damien the genius|move: Stealth Rock\n|\n|-heal|p1a: Hippowdon|67/100|[from] item: Leftovers\n|upkeep\n|turn|29\n|inactive|damien the genius has 60 seconds left.\n|\n|t:|1790686598\n|switch|p1a: Skarmory|Skarmory, M|90/100\n|move|p2a: Landorus|Knock Off|p1a: Skarmory\n|-damage|p1a: Skarmory|74/100\n|\n|upkeep\n|turn|30\n|inactive|damien the genius has 60 seconds left.\n|\n|t:|1790686607\n|switch|p2a: Mandibuzz|Mandibuzz, F|71/100\n|-damage|p2a: Mandibuzz|46/100|[from] Stealth Rock\n|move|p1a: Skarmory|Spikes|p2a: Mandibuzz\n|-sidestart|p2: damien the genius|Spikes\n|\n|upkeep\n|turn|31\n|\n|t:|1790686624\n|switch|p1a: Tapu Koko|Tapu Koko|94/100\n|-fieldstart|move: Electric Terrain|[from] ability: Electric Surge|[of] p1a: Tapu Koko\n|move|p2a: Mandibuzz|Defog|p1a: Tapu Koko\n|-unboost|p1a: Tapu Koko|evasion|1\n|-sideend|p2: damien the genius|Spikes|[from] move: Defog|[of] p2a: Mandibuzz\n|-sideend|p2: damien the genius|Stealth Rock|[from] move: Defog|[of] p2a: Mandibuzz\n|-fieldend|move: Electric Terrain\n|\n|upkeep\n|turn|32\n|inactive|damien the genius has 60 seconds left.\n|\n|t:|1790686640\n|switch|p2a: Ferrothorn|Ferrothorn, M|63/100\n|move|p1a: Tapu Koko|U-turn|p2a: Ferrothorn\n|-damage|p2a: Ferrothorn|52/100\n|-damage|p1a: Tapu Koko|82/100|[from] ability: Iron Barbs|[of] p2a: Ferrothorn\n|\n|t:|1790686654\n|switch|p1a: Hippowdon|Hippowdon, M|67/100|[from] U-turn\n|-weather|Sandstorm|[from] ability: Sand Stream|[of] p1a: Hippowdon\n|\n|-weather|Sandstorm|[upkeep]\n|-heal|p1a: Hippowdon|73/100|[from] item: Leftovers\n|-heal|p2a: Ferrothorn|58/100|[from] item: Leftovers\n|upkeep\n|turn|33\n|\n|t:|1790686665\n|move|p1a: Hippowdon|Stealth Rock|p2a: Ferrothorn\n|-sidestart|p2: damien the genius|move: Stealth Rock\n|move|p2a: Ferrothorn|Knock Off|p1a: Hippowdon\n|-damage|p1a: Hippowdon|58/100\n|-enditem|p1a: Hippowdon|Leftovers|[from] move: Knock Off|[of] p2a: Ferrothorn\n|\n|-weather|Sandstorm|[upkeep]\n|-heal|p2a: Ferrothorn|65/100|[from] item: Leftovers\n|upkeep\n|turn|34\n|\n|t:|1790686679\n|move|p1a: Hippowdon|Slack Off|p1a: Hippowdon\n|-heal|p1a: Hippowdon|100/100\n|move|p2a: Ferrothorn|Leech Seed|p1a: Hippowdon\n|-start|p1a: Hippowdon|move: Leech Seed\n|\n|-weather|Sandstorm|[upkeep]\n|-heal|p2a: Ferrothorn|71/100|[from] item: Leftovers\n|-damage|p1a: Hippowdon|88/100|[from] Leech Seed|[of] p2a: Ferrothorn\n|-heal|p2a: Ferrothorn|86/100|[silent]\n|upkeep\n|turn|35\n|inactive|damien the genius has 60 seconds left.\n|\n|t:|1790686708\n|switch|p1a: Skarmory|Skarmory, M|74/100\n|move|p2a: Ferrothorn|Spikes|p1a: Skarmory\n|-sidestart|p1: Separation|Spikes\n|\n|-weather|Sandstorm|[upkeep]\n|-heal|p2a: Ferrothorn|92/100|[from] item: Leftovers\n|upkeep\n|turn|36\n|inactive|damien the genius has 60 seconds left.\n|\n|t:|1790686724\n|switch|p2a: Slowking|Slowking-Galar, F|74/100\n|-damage|p2a: Slowking|61/100|[from] Stealth Rock\n|move|p1a: Skarmory|Spikes|p2a: Slowking\n|-sidestart|p2: damien the genius|Spikes\n|\n|-weather|none\n|upkeep\n|turn|37\n|\n|t:|1790686733\n|switch|p1a: Reuniclus|Reuniclus, M|97/100\n|move|p2a: Slowking|Future Sight|p1a: Reuniclus\n|-start|p2a: Slowking|move: Future Sight\n|\n|upkeep\n|turn|38\n|inactive|Separation has 180 seconds left.\n|inactive|damien the genius has 60 seconds left.\n|inactive|damien the genius has 30 seconds left.\n|inactive|Separation has 150 seconds left.\n|\n|t:|1790686780\n|move|p1a: Reuniclus|Psyshock|p2a: Slowking\n|-damage|p2a: Slowking|31/100\n|move|p2a: Slowking|Sludge Bomb|p1a: Reuniclus\n|-damage|p1a: Reuniclus|68/100\n|\n|upkeep\n|turn|39\n|inactive|damien the genius has 30 seconds left.\n|inactive|Separation has 150 seconds left.\n|\n|t:|1790686819\n|switch|p2a: Mandibuzz|Mandibuzz, F|46/100\n|-damage|p2a: Mandibuzz|21/100|[from] Stealth Rock\n|move|p1a: Reuniclus|Recover|p1a: Reuniclus\n|-heal|p1a: Reuniclus|100/100\n|\n|-end|p1a: Reuniclus|move: Future Sight\n|-resisted|p1a: Reuniclus\n|-damage|p1a: Reuniclus|83/100\n|upkeep\n|turn|40\n|\n|t:|1790686827\n|switch|p1a: Tapu Koko|Tapu Koko|82/100\n|-fieldstart|move: Electric Terrain|[from] ability: Electric Surge|[of] p1a: Tapu Koko\n|move|p2a: Mandibuzz|Roost|p2a: Mandibuzz\n|-heal|p2a: Mandibuzz|71/100\n|-singleturn|p2a: Mandibuzz|move: Roost\n|\n|upkeep\n|turn|41\n|\n|t:|1790686844\n|switch|p2a: Ferrothorn|Ferrothorn, M|92/100\n|-damage|p2a: Ferrothorn|86/100|[from] Stealth Rock\n|-damage|p2a: Ferrothorn|73/100|[from] Spikes\n|move|p1a: Tapu Koko|Thunderbolt|p2a: Ferrothorn\n|-resisted|p2a: Ferrothorn\n|-damage|p2a: Ferrothorn|52/100\n|\n|-heal|p2a: Ferrothorn|58/100|[from] item: Leftovers\n|upkeep\n|turn|42\n|inactive|damien the genius has 30 seconds left.\n|\n|t:|1790686870\n|move|p1a: Tapu Koko|U-turn|p2a: Ferrothorn\n|-damage|p2a: Ferrothorn|49/100\n|-damage|p1a: Tapu Koko|70/100|[from] ability: Iron Barbs|[of] p2a: Ferrothorn\n|\n|t:|1790686873\n|switch|p1a: Reuniclus|Reuniclus, M|83/100|[from] U-turn\n|move|p2a: Ferrothorn|Knock Off|p1a: Reuniclus\n|-supereffective|p1a: Reuniclus\n|-damage|p1a: Reuniclus|52/100\n|\n|-heal|p2a: Ferrothorn|55/100|[from] item: Leftovers\n|upkeep\n|turn|43\n|inactive|damien the genius has 30 seconds left.\n|\n|t:|1790686898\n|switch|p2a: Mandibuzz|Mandibuzz, F|71/100\n|-damage|p2a: Mandibuzz|47/100|[from] Stealth Rock\n|move|p1a: Reuniclus|Recover|p1a: Reuniclus\n|-heal|p1a: Reuniclus|100/100\n|\n|upkeep\n|turn|44\n|\n|t:|1790686908\n|switch|p1a: Hippowdon|Hippowdon, M|88/100\n|-damage|p1a: Hippowdon|76/100|[from] Spikes\n|-weather|Sandstorm|[from] ability: Sand Stream|[of] p1a: Hippowdon\n|move|p2a: Mandibuzz|Defog|p1a: Hippowdon\n|-unboost|p1a: Hippowdon|evasion|1\n|-sideend|p1: Separation|Spikes|[from] move: Defog|[of] p2a: Mandibuzz\n|-sideend|p2: damien the genius|Spikes|[from] move: Defog|[of] p2a: Mandibuzz\n|-sideend|p2: damien the genius|Stealth Rock|[from] move: Defog|[of] p2a: Mandibuzz\n|-fieldend|move: Electric Terrain\n|\n|-weather|Sandstorm|[upkeep]\n|upkeep\n|turn|45\n|inactive|damien the genius has 30 seconds left.\n|\n|t:|1790686923\n|move|p2a: Mandibuzz|Roost|p2a: Mandibuzz\n|-heal|p2a: Mandibuzz|97/100\n|-singleturn|p2a: Mandibuzz|move: Roost\n|move|p1a: Hippowdon|Toxic|p2a: Mandibuzz\n|-status|p2a: Mandibuzz|tox\n|\n|-weather|Sandstorm|[upkeep]\n|-damage|p2a: Mandibuzz|91/100 tox|[from] psn\n|upkeep\n|turn|46\n|inactive|damien the genius has 30 seconds left.\n|\n|t:|1790686937\n|move|p2a: Mandibuzz|U-turn|p1a: Hippowdon\n|-damage|p1a: Hippowdon|68/100\n|\n|t:|1790686940\n|switch|p2a: Tapu Koko|Tapu Koko|20/100|[from] U-turn\n|-fieldstart|move: Electric Terrain|[from] ability: Electric Surge|[of] p2a: Tapu Koko\n|move|p1a: Hippowdon|Stealth Rock|p2a: Tapu Koko\n|-sidestart|p2: damien the genius|move: Stealth Rock\n|\n|-weather|Sandstorm|[upkeep]\n|-damage|p2a: Tapu Koko|14/100|[from] Sandstorm\n|upkeep\n|turn|47\n|inactive|Separation has 150 seconds left.\n|\n|t:|1790686956\n|switch|p1a: Reuniclus|Reuniclus, M|100/100\n|move|p2a: Tapu Koko|Thunderbolt|p1a: Reuniclus\n|-damage|p1a: Reuniclus|51/100\n|\n|-weather|Sandstorm|[upkeep]\n|-damage|p2a: Tapu Koko|8/100|[from] Sandstorm\n|upkeep\n|turn|48\n|inactive|damien the genius has 30 seconds left.\n|\n|t:|1790686972\n|switch|p2a: Urshifu|Urshifu-Rapid-Strike, F|76/100\n|-damage|p2a: Urshifu|70/100|[from] Stealth Rock\n|switch|p1a: Hippowdon|Hippowdon, M|68/100\n|\n|-weather|none\n|upkeep\n|turn|49\n|\n|t:|1790686982\n|switch|p1a: Toxapex|Toxapex, F|98/100\n|move|p2a: Urshifu|U-turn|p1a: Toxapex\n|-resisted|p1a: Toxapex\n|-damage|p1a: Toxapex|86/100\n|\n|t:|1790686992\n|switch|p2a: Slowking|Slowking-Galar, F|64/100|[from] U-turn\n|-damage|p2a: Slowking|51/100|[from] Stealth Rock\n|\n|-heal|p1a: Toxapex|93/100|[from] item: Black Sludge\n|upkeep\n|turn|50\n|\n|t:|1790687013\n|switch|p1a: Reuniclus|Reuniclus, M|51/100\n|move|p2a: Slowking|Future Sight|p1a: Reuniclus\n|-start|p2a: Slowking|move: Future Sight\n|\n|-fieldend|move: Electric Terrain\n|upkeep\n|turn|51\n|inactive|damien the genius has 30 seconds left.\n|\n|t:|1790687033\n|switch|p2a: Urshifu|Urshifu-Rapid-Strike, F|70/100\n|-damage|p2a: Urshifu|64/100|[from] Stealth Rock\n|move|p1a: Reuniclus|Psyshock|p2a: Urshifu\n|-supereffective|p2a: Urshifu\n|-damage|p2a: Urshifu|0 fnt\n|faint|p2a: Urshifu\n|\n|upkeep\n|\n|t:|1790687037\n|switch|p2a: Landorus|Landorus-Therian, M|48/100\n|-damage|p2a: Landorus|35/100|[from] Stealth Rock\n|-ability|p2a: Landorus|Intimidate|boost\n|-unboost|p1a: Reuniclus|atk|1\n|turn|52\n|inactive|damien the genius has 30 seconds left.\n|inactive|damien the genius has 20 seconds left.\n|inactive|damien the genius has 15 seconds left.\n|\n|t:|1790687071\n|switch|p1a: Toxapex|Toxapex, F|100/100\n|move|p2a: Landorus|Knock Off|p1a: Toxapex\n|-damage|p1a: Toxapex|74/100\n|-enditem|p1a: Toxapex|Black Sludge|[from] move: Knock Off|[of] p2a: Landorus\n|\n|-end|p1a: Toxapex|move: Future Sight\n|-supereffective|p1a: Toxapex\n|-damage|p1a: Toxapex|2/100\n|upkeep\n|turn|53\n|inactive|damien the genius has 25 seconds left this turn.\n|inactive|damien the genius has 20 seconds left.\n|\n|t:|1790687077\n|switch|p1a: Skarmory|Skarmory, M|74/100\n|move|p2a: Landorus|Stealth Rock|p1a: Skarmory\n|-sidestart|p1: Separation|move: Stealth Rock\n|\n|upkeep\n|turn|54\n|inactive|damien the genius has 30 seconds left this turn.\n|inactive|Separation has 180 seconds left.\n|inactive|damien the genius has 20 seconds left.\n|\n|t:|1790687088\n|switch|p2a: Slowking|Slowking-Galar, F|85/100\n|-damage|p2a: Slowking|72/100|[from] Stealth Rock\n|move|p1a: Skarmory|Spikes|p2a: Slowking\n|-sidestart|p2: damien the genius|Spikes\n|\n|upkeep\n|turn|55\n|inactive|damien the genius has 30 seconds left this turn.\n|\n|t:|1790687096\n|switch|p1a: Reuniclus|Reuniclus, M|51/100\n|switch|p2a: Landorus|Landorus-Therian, M|35/100\n|-damage|p2a: Landorus|23/100|[from] Stealth Rock\n|-ability|p2a: Landorus|Intimidate|boost\n|-unboost|p1a: Reuniclus|atk|1\n|\n|upkeep\n|turn|56\n|inactive|damien the genius has 30 seconds left.\n|\n|t:|1790687110\n|switch|p1a: Skarmory|Skarmory, M|74/100\n|-damage|p1a: Skarmory|62/100|[from] Stealth Rock\n|move|p2a: Landorus|Stone Edge|p1a: Skarmory\n|-damage|p1a: Skarmory|40/100\n|\n|upkeep\n|turn|57\n|inactive|damien the genius has 30 seconds left.\n|\n|t:|1790687116\n|switch|p2a: Slowking|Slowking-Galar, F|100/100\n|-damage|p2a: Slowking|88/100|[from] Stealth Rock\n|-damage|p2a: Slowking|76/100|[from] Spikes\n|move|p1a: Skarmory|Roost|p1a: Skarmory\n|-heal|p1a: Skarmory|90/100\n|-singleturn|p1a: Skarmory|move: Roost\n|\n|upkeep\n|turn|58\n|inactive|damien the genius has 30 seconds left.\n|inactive|damien the genius has 20 seconds left.\n|\n|t:|1790687136\n|switch|p1a: Reuniclus|Reuniclus, M|51/100\n|move|p2a: Slowking|Future Sight|p1a: Reuniclus\n|-start|p2a: Slowking|move: Future Sight\n|\n|upkeep\n|turn|59\n|inactive|damien the genius has 30 seconds left this turn.\n|\n|t:|1790687144\n|move|p1a: Reuniclus|Recover|p1a: Reuniclus\n|-heal|p1a: Reuniclus|100/100\n|move|p2a: Slowking|Sludge Bomb|p1a: Reuniclus\n|-crit|p1a: Reuniclus\n|-damage|p1a: Reuniclus|55/100\n|\n|upkeep\n|turn|60\n|\n|t:|1790687148\n|move|p1a: Reuniclus|Recover|p1a: Reuniclus\n|-heal|p1a: Reuniclus|100/100\n|move|p2a: Slowking|Sludge Bomb|p1a: Reuniclus\n|-damage|p1a: Reuniclus|74/100\n|\n|-end|p1a: Reuniclus|move: Future Sight\n|-resisted|p1a: Reuniclus\n|-damage|p1a: Reuniclus|54/100\n|upkeep\n|turn|61\n|\n|t:|1790687153\n|move|p1a: Reuniclus|Recover|p1a: Reuniclus\n|-heal|p1a: Reuniclus|100/100\n|move|p2a: Slowking|Future Sight|p1a: Reuniclus\n|-start|p2a: Slowking|move: Future Sight\n|\n|upkeep\n|turn|62\n|\n|t:|1790687161\n|switch|p2a: Mandibuzz|Mandibuzz, F|91/100 tox\n|-damage|p2a: Mandibuzz|66/100 tox|[from] Stealth Rock\n|move|p1a: Reuniclus|Psyshock|p2a: Mandibuzz\n|-immune|p2a: Mandibuzz\n|\n|-damage|p2a: Mandibuzz|60/100 tox|[from] psn\n|upkeep\n|turn|63\n|inactive|Separation has 240 seconds left.\n|\n|t:|1790687176\n|switch|p1a: Skarmory|Skarmory, M|90/100\n|-damage|p1a: Skarmory|78/100|[from] Stealth Rock\n|move|p2a: Mandibuzz|Foul Play|p1a: Skarmory\n|-damage|p1a: Skarmory|65/100\n|\n|-end|p1a: Skarmory|move: Future Sight\n|-resisted|p1a: Skarmory\n|-damage|p1a: Skarmory|27/100\n|-damage|p2a: Mandibuzz|47/100 tox|[from] psn\n|upkeep\n|turn|64\n|inactive|Separation has 240 seconds left.\n|inactive|damien the genius has 60 seconds left.\n|\n|t:|1790687191\n|move|p2a: Mandibuzz|Roost|p2a: Mandibuzz\n|-heal|p2a: Mandibuzz|97/100 tox\n|-singleturn|p2a: Mandibuzz|move: Roost\n|move|p1a: Skarmory|Roost|p1a: Skarmory\n|-heal|p1a: Skarmory|77/100\n|-singleturn|p1a: Skarmory|move: Roost\n|\n|-damage|p2a: Mandibuzz|79/100 tox|[from] psn\n|upkeep\n|turn|65\n|\n|t:|1790687200\n|move|p2a: Mandibuzz|Defog|p1a: Skarmory\n|-unboost|p1a: Skarmory|evasion|1\n|-sideend|p1: Separation|Stealth Rock|[from] move: Defog|[of] p2a: Mandibuzz\n|-sideend|p2: damien the genius|Spikes|[from] move: Defog|[of] p2a: Mandibuzz\n|-sideend|p2: damien the genius|Stealth Rock|[from] move: Defog|[of] p2a: Mandibuzz\n|move|p1a: Skarmory|Spikes|p2a: Mandibuzz\n|-sidestart|p2: damien the genius|Spikes\n|\n|-damage|p2a: Mandibuzz|54/100 tox|[from] psn\n|upkeep\n|turn|66\n|inactive|Separation has 240 seconds left.\n|\n|t:|1790687206\n|switch|p1a: Hippowdon|Hippowdon, M|68/100\n|-weather|Sandstorm|[from] ability: Sand Stream|[of] p1a: Hippowdon\n|move|p2a: Mandibuzz|U-turn|p1a: Hippowdon\n|-damage|p1a: Hippowdon|61/100\n|\n|t:|1790687216\n|switch|p2a: Landorus|Landorus-Therian, M|23/100|[from] U-turn\n|-ability|p2a: Landorus|Intimidate|boost\n|-unboost|p1a: Hippowdon|atk|1\n|\n|-weather|Sandstorm|[upkeep]\n|upkeep\n|turn|67\n|\n|t:|1790687225\n|move|p2a: Landorus|Earthquake|p1a: Hippowdon\n|-damage|p1a: Hippowdon|24/100\n|move|p1a: Hippowdon|Slack Off|p1a: Hippowdon\n|-heal|p1a: Hippowdon|74/100\n|\n|-weather|Sandstorm|[upkeep]\n|upkeep\n|turn|68\n|\n|t:|1790687233\n|move|p2a: Landorus|Earthquake|p1a: Hippowdon\n|-damage|p1a: Hippowdon|34/100\n|move|p1a: Hippowdon|Slack Off|p1a: Hippowdon\n|-heal|p1a: Hippowdon|84/100\n|\n|-weather|Sandstorm|[upkeep]\n|upkeep\n|turn|69\n|inactive|damien the genius has 90 seconds left.\n|\n|t:|1790687242\n|move|p2a: Landorus|Earthquake|p1a: Hippowdon\n|-damage|p1a: Hippowdon|40/100\n|move|p1a: Hippowdon|Slack Off|p1a: Hippowdon\n|-heal|p1a: Hippowdon|90/100\n|\n|-weather|Sandstorm|[upkeep]\n|upkeep\n|turn|70\n|\n|t:|1790687250\n|switch|p2a: Ferrothorn|Ferrothorn, M|55/100\n|-damage|p2a: Ferrothorn|42/100|[from] Spikes\n|switch|p1a: Skarmory|Skarmory, M|77/100\n|\n|-weather|none\n|-heal|p2a: Ferrothorn|49/100|[from] item: Leftovers\n|upkeep\n|turn|71\n|\n|t:|1790687262\n|move|p1a: Skarmory|Body Press|p2a: Ferrothorn\n|-supereffective|p2a: Ferrothorn\n|-damage|p2a: Ferrothorn|10/100\n|-damage|p1a: Skarmory|65/100|[from] ability: Iron Barbs|[of] p2a: Ferrothorn\n|move|p2a: Ferrothorn|Leech Seed|p1a: Skarmory\n|-start|p1a: Skarmory|move: Leech Seed\n|\n|-heal|p2a: Ferrothorn|16/100|[from] item: Leftovers\n|-damage|p1a: Skarmory|53/100|[from] Leech Seed|[of] p2a: Ferrothorn\n|-heal|p2a: Ferrothorn|28/100|[silent]\n|upkeep\n|turn|72\n|\n|t:|1790687272\n|switch|p1a: Reuniclus|Reuniclus, M|100/100\n|move|p2a: Ferrothorn|Knock Off|p1a: Reuniclus\n|-supereffective|p1a: Reuniclus\n|-damage|p1a: Reuniclus|69/100\n|\n|-heal|p2a: Ferrothorn|34/100|[from] item: Leftovers\n|upkeep\n|turn|73\n|\n|t:|1790687278\n|move|p1a: Reuniclus|Knock Off|p2a: Ferrothorn\n|-damage|p2a: Ferrothorn|26/100\n|-activate|p2a: Ferrothorn|ability: Iron Barbs\n|-enditem|p2a: Ferrothorn|Leftovers|[from] move: Knock Off|[of] p1a: Reuniclus\n|move|p2a: Ferrothorn|Knock Off|p1a: Reuniclus\n|-supereffective|p1a: Reuniclus\n|-damage|p1a: Reuniclus|37/100\n|\n|upkeep\n|turn|74\n|\n|t:|1790687284\n|move|p1a: Reuniclus|Recover|p1a: Reuniclus\n|-heal|p1a: Reuniclus|87/100\n|move|p2a: Ferrothorn|Knock Off|p1a: Reuniclus\n|-supereffective|p1a: Reuniclus\n|-damage|p1a: Reuniclus|55/100\n|\n|upkeep\n|turn|75\n|\n|t:|1790687289\n|switch|p1a: Skarmory|Skarmory, M|53/100\n|move|p2a: Ferrothorn|Knock Off|p1a: Skarmory\n|-damage|p1a: Skarmory|45/100\n|\n|upkeep\n|turn|76\n|\n|t:|1790687297\n|switch|p2a: Slowking|Slowking-Galar, F|100/100\n|-damage|p2a: Slowking|88/100|[from] Spikes\n|move|p1a: Skarmory|Roost|p1a: Skarmory\n|-heal|p1a: Skarmory|95/100\n|-singleturn|p1a: Skarmory|move: Roost\n|\n|upkeep\n|turn|77\n|\n|t:|1790687303\n|switch|p1a: Hippowdon|Hippowdon, M|90/100\n|-weather|Sandstorm|[from] ability: Sand Stream|[of] p1a: Hippowdon\n|move|p2a: Slowking|Sludge Bomb|p1a: Hippowdon\n|-resisted|p1a: Hippowdon\n|-damage|p1a: Hippowdon|74/100\n|\n|-weather|Sandstorm|[upkeep]\n|-damage|p2a: Slowking|82/100|[from] Sandstorm\n|upkeep\n|turn|78\n|\n|t:|1790687311\n|move|p1a: Hippowdon|Earthquake|p2a: Slowking\n|-supereffective|p2a: Slowking\n|-damage|p2a: Slowking|2/100\n|move|p2a: Slowking|Scald|p1a: Hippowdon\n|-supereffective|p1a: Hippowdon\n|-damage|p1a: Hippowdon|39/100\n|\n|-weather|Sandstorm|[upkeep]\n|-damage|p2a: Slowking|0 fnt|[from] Sandstorm\n|faint|p2a: Slowking\n|upkeep\n|c|\u2606damien the genius|gg\n|-message|damien the genius forfeited.\n|\n|win|Separation\n|c|\u2606Separation|gg\n", "uploadtime": 1790687318, "views": "179", "formatid": "gen8ou", "rating": null, "private": 0, "password": null}