{"id": "smogtours-gen8ou-975721", "format": "[Gen 8] OU", "players": ["code fault", "a fairy"], "log": "|inactive|Battle timer is ON: inactive players will automatically lose when time's up.\n|t:|1790881711\n|gametype|singles\n|player|p1|code fault|lucas|\n|player|p2|a fairy|#afairy|\n|gen|8\n|tier|[Gen 8] OU\n|rule|HP Percentage Mod: HP is shown in percentages\n|rule|Endless Battle Clause: Forcing endless battles is banned\n|rule|Sleep Clause Mod: Limit one foe put to sleep\n|rule|Species Clause: Limit one of each Pok\u00e9mon\n|rule|OHKO Clause: OHKO moves are banned\n|rule|Evasion Items Clause: Evasion items are banned\n|rule|Evasion Moves Clause: Evasion moves are banned\n|rule|Dynamax Clause: You cannot dynamax\n|clearpoke\n|poke|p1|Torkoal, F|\n|poke|p1|Venusaur, F|\n|poke|p1|Victini|\n|poke|p1|Tapu Koko|\n|poke|p1|Hawlucha, F|\n|poke|p1|Cloyster, M|\n|poke|p2|Tapu Lele|\n|poke|p2|Garchomp, F|\n|poke|p2|Dragapult, F|\n|poke|p2|Magnezone|\n|poke|p2|Toxapex, F|\n|poke|p2|Landorus-Therian, M|\n|teampreview\n|c|\u2606code fault|hf\n|c|\u2606a fairy|glhf2\n|\n|t:|1790881734\n|teamsize|p1|6\n|teamsize|p2|6\n|start\n|switch|p1a: Torkoal|Torkoal, F|100/100\n|switch|p2a: Landorus|Landorus-Therian, M|100/100\n|-ability|p2a: Landorus|Intimidate|boost\n|-unboost|p1a: Torkoal|atk|1\n|-weather|SunnyDay|[from] ability: Drought|[of] p1a: Torkoal\n|turn|1\n|\n|t:|1790881747\n|move|p2a: Landorus|Knock Off|p1a: Torkoal\n|-damage|p1a: Torkoal|84/100\n|-enditem|p1a: Torkoal|Heat Rock|[from] move: Knock Off|[of] p2a: Landorus\n|move|p1a: Torkoal|Stealth Rock|p2a: Landorus\n|-sidestart|p2: a fairy|move: Stealth Rock\n|\n|-weather|SunnyDay|[upkeep]\n|upkeep\n|turn|2\n|\n|t:|1790881755\n|switch|p1a: Cloyster|Cloyster, M|100/100\n|move|p2a: Landorus|Defog|p1a: Cloyster\n|-unboost|p1a: Cloyster|evasion|1\n|-sideend|p2: a fairy|Stealth Rock|[from] move: Defog|[of] p2a: Landorus\n|\n|-weather|SunnyDay|[upkeep]\n|upkeep\n|turn|3\n|\n|t:|1790881766\n|switch|p1a: Venusaur|Venusaur, F|100/100\n|move|p2a: Landorus|U-turn|p1a: Venusaur\n|-damage|p1a: Venusaur|74/100\n|\n|t:|1790881787\n|switch|p2a: Dragapult|Dragapult, F|100/100|[from] U-turn\n|\n|-weather|SunnyDay|[upkeep]\n|upkeep\n|turn|4\n|\n|t:|1790881799\n|move|p1a: Venusaur|Earth Power|p2a: Dragapult\n|-damage|p2a: Dragapult|54/100\n|-damage|p1a: Venusaur|64/100|[from] item: Life Orb\n|move|p2a: Dragapult|Dragon Dance|p2a: Dragapult\n|-boost|p2a: Dragapult|atk|1\n|-boost|p2a: Dragapult|spe|1\n|\n|-weather|SunnyDay|[upkeep]\n|upkeep\n|turn|5\n|\n|t:|1790881810\n|move|p2a: Dragapult|Dragon Darts|p1a: Venusaur\n|-damage|p1a: Venusaur|0 fnt\n|faint|p1a: Venusaur\n|\n|-weather|SunnyDay|[upkeep]\n|upkeep\n|\n|t:|1790881814\n|switch|p1a: Cloyster|Cloyster, M|100/100\n|turn|6\n|\n|t:|1790881819\n|move|p2a: Dragapult|Fire Blast|p1a: Cloyster\n|-damage|p1a: Cloyster|6/100\n|move|p1a: Cloyster|Icicle Spear|p2a: Dragapult\n|-supereffective|p2a: Dragapult\n|-damage|p2a: Dragapult|18/100\n|-supereffective|p2a: Dragapult\n|-damage|p2a: Dragapult|0 fnt\n|faint|p2a: Dragapult\n|-hitcount|p2: Dragapult|2\n|\n|-weather|SunnyDay|[upkeep]\n|upkeep\n|\n|t:|1790881833\n|switch|p2a: Magnezone|Magnezone|100/100\n|-item|p2a: Magnezone|Air Balloon\n|turn|7\n|\n|t:|1790881839\n|move|p1a: Cloyster|Rock Blast|p2a: Magnezone\n|-resisted|p2a: Magnezone\n|-damage|p2a: Magnezone|97/100\n|-enditem|p2a: Magnezone|Air Balloon\n|-resisted|p2a: Magnezone\n|-damage|p2a: Magnezone|94/100\n|-resisted|p2a: Magnezone\n|-damage|p2a: Magnezone|91/100\n|-resisted|p2a: Magnezone\n|-damage|p2a: Magnezone|88/100\n|-resisted|p2a: Magnezone\n|-damage|p2a: Magnezone|85/100\n|-hitcount|p2a: Magnezone|5\n|move|p2a: Magnezone|Thunderbolt|p1a: Cloyster\n|-supereffective|p1a: Cloyster\n|-damage|p1a: Cloyster|0 fnt\n|faint|p1a: Cloyster\n|\n|-weather|SunnyDay|[upkeep]\n|upkeep\n|\n|t:|1790881842\n|switch|p1a: Victini|Victini|100/100\n|turn|8\n|\n|t:|1790881848\n|switch|p2a: Toxapex|Toxapex, F|100/100\n|move|p1a: Victini|Final Gambit|p2a: Toxapex\n|-damage|p2a: Toxapex|0 fnt\n|faint|p1a: Victini\n|faint|p2a: Toxapex\n|\n|-weather|none\n|upkeep\n|\n|t:|1790881856\n|switch|p1a: Torkoal|Torkoal, F|84/100\n|switch|p2a: Garchomp|Garchomp, F|100/100\n|-weather|SunnyDay|[from] ability: Drought|[of] p1a: Torkoal\n|turn|9\n|\n|t:|1790881865\n|switch|p1a: Hawlucha|Hawlucha, F|100/100\n|move|p2a: Garchomp|Swords Dance|p2a: Garchomp\n|-boost|p2a: Garchomp|atk|2\n|\n|-weather|SunnyDay|[upkeep]\n|upkeep\n|turn|10\n|\n|t:|1790881870\n|switch|p1a: Tapu Koko|Tapu Koko|100/100\n|-fieldstart|move: Electric Terrain|[from] ability: Electric Surge|[of] p1a: Tapu Koko\n|move|p2a: Garchomp|Scale Shot|p1a: Tapu Koko\n|-immune|p1a: Tapu Koko\n|\n|-weather|SunnyDay|[upkeep]\n|upkeep\n|turn|11\n|\n|t:|1790881876\n|move|p1a: Tapu Koko|Dazzling Gleam|p2a: Garchomp\n|-supereffective|p2a: Garchomp\n|-damage|p2a: Garchomp|9/100\n|-damage|p1a: Tapu Koko|91/100|[from] item: Life Orb\n|move|p2a: Garchomp|Stealth Rock|p1a: Tapu Koko\n|-sidestart|p1: code fault|move: Stealth Rock\n|\n|-weather|SunnyDay|[upkeep]\n|upkeep\n|turn|12\n|\n|t:|1790881883\n|switch|p2a: Magnezone|Magnezone|85/100\n|move|p1a: Tapu Koko|Dazzling Gleam|p2a: Magnezone\n|-resisted|p2a: Magnezone\n|-damage|p2a: Magnezone|58/100\n|-damage|p1a: Tapu Koko|81/100|[from] item: Life Orb\n|\n|-weather|SunnyDay|[upkeep]\n|upkeep\n|turn|13\n|\n|t:|1790881892\n|move|p1a: Tapu Koko|Calm Mind|p1a: Tapu Koko\n|-boost|p1a: Tapu Koko|spa|1\n|-boost|p1a: Tapu Koko|spd|1\n|move|p2a: Magnezone|Thunderbolt|p1a: Tapu Koko\n|-resisted|p1a: Tapu Koko\n|-damage|p1a: Tapu Koko|51/100\n|\n|-weather|none\n|upkeep\n|turn|14\n|\n|t:|1790881897\n|move|p1a: Tapu Koko|Thunderbolt|p2a: Magnezone\n|-resisted|p2a: Magnezone\n|-crit|p2a: Magnezone\n|-damage|p2a: Magnezone|0 fnt\n|faint|p2a: Magnezone\n|-damage|p1a: Tapu Koko|41/100|[from] item: Life Orb\n|\n|-fieldend|move: Electric Terrain\n|upkeep\n|\n|t:|1790881903\n|switch|p2a: Tapu Lele|Tapu Lele|100/100\n|-fieldstart|move: Psychic Terrain|[from] ability: Psychic Surge|[of] p2a: Tapu Lele\n|turn|15\n|\n|t:|1790881906\n|switch|p1a: Torkoal|Torkoal, F|84/100\n|-damage|p1a: Torkoal|60/100|[from] Stealth Rock\n|-weather|SunnyDay|[from] ability: Drought|[of] p1a: Torkoal\n|switch|p2a: Garchomp|Garchomp, F|9/100\n|\n|-weather|SunnyDay|[upkeep]\n|upkeep\n|turn|16\n|\n|t:|1790881933\n|move|p2a: Garchomp|Earthquake|p1a: Torkoal\n|-supereffective|p1a: Torkoal\n|-damage|p1a: Torkoal|0 fnt\n|faint|p1a: Torkoal\n|\n|-weather|SunnyDay|[upkeep]\n|upkeep\n|\n|t:|1790881942\n|switch|p1a: Tapu Koko|Tapu Koko|41/100\n|-damage|p1a: Tapu Koko|29/100|[from] Stealth Rock\n|-fieldstart|move: Electric Terrain|[from] ability: Electric Surge|[of] p1a: Tapu Koko\n|turn|17\n|\n|t:|1790881951\n|switch|p1a: Hawlucha|Hawlucha, F|100/100\n|-damage|p1a: Hawlucha|88/100|[from] Stealth Rock\n|-enditem|p1a: Hawlucha|Electric Seed\n|-boost|p1a: Hawlucha|def|1|[from] item: Electric Seed\n|move|p2a: Garchomp|Scale Shot|p1a: Hawlucha|[miss]\n|-miss|p2a: Garchomp|p1a: Hawlucha\n|\n|-weather|SunnyDay|[upkeep]\n|upkeep\n|turn|18\n|\n|t:|1790881958\n|switch|p2a: Landorus|Landorus-Therian, M|100/100\n|-ability|p2a: Landorus|Intimidate|boost\n|-unboost|p1a: Hawlucha|atk|1\n|move|p1a: Hawlucha|Swords Dance|p1a: Hawlucha\n|-boost|p1a: Hawlucha|atk|2\n|\n|-weather|SunnyDay|[upkeep]\n|upkeep\n|turn|19\n|\n|t:|1790881965\n|switch|p2a: Tapu Lele|Tapu Lele|100/100\n|-fieldstart|move: Psychic Terrain|[from] ability: Psychic Surge|[of] p2a: Tapu Lele\n|move|p1a: Hawlucha|Substitute|p1a: Hawlucha\n|-start|p1a: Hawlucha|Substitute\n|-damage|p1a: Hawlucha|63/100\n|\n|-weather|none\n|upkeep\n|turn|20\n|\n|t:|1790881970\n|move|p1a: Hawlucha|Swords Dance|p1a: Hawlucha\n|-boost|p1a: Hawlucha|atk|2\n|move|p2a: Tapu Lele|Thunderbolt|p1a: Hawlucha\n|-supereffective|p1a: Hawlucha\n|-end|p1a: Hawlucha|Substitute\n|\n|upkeep\n|turn|21\n|\n|t:|1790881975\n|move|p1a: Hawlucha|Acrobatics|p2a: Tapu Lele\n|-damage|p2a: Tapu Lele|0 fnt\n|faint|p2a: Tapu Lele\n|\n|upkeep\n|\n|t:|1790881978\n|switch|p2a: Landorus|Landorus-Therian, M|100/100\n|-ability|p2a: Landorus|Intimidate|boost\n|-unboost|p1a: Hawlucha|atk|1\n|turn|22\n|\n|t:|1790881982\n|switch|p2a: Garchomp|Garchomp, F|9/100\n|move|p1a: Hawlucha|Substitute|p1a: Hawlucha\n|-start|p1a: Hawlucha|Substitute\n|-damage|p1a: Hawlucha|39/100\n|\n|upkeep\n|turn|23\n|\n|t:|1790881986\n|move|p1a: Hawlucha|Acrobatics|p2a: Garchomp\n|-damage|p2a: Garchomp|0 fnt\n|-damage|p1a: Hawlucha|26/100|[from] ability: Rough Skin|[of] p2a: Garchomp\n|faint|p2a: Garchomp\n|\n|-fieldend|move: Psychic Terrain\n|upkeep\n|c|\u2606a fairy|gg2\n|\n|t:|1790881989\n|switch|p2a: Landorus|Landorus-Therian, M|100/100\n|-ability|p2a: Landorus|Intimidate|boost\n|-immune|p1a: Hawlucha\n|turn|24\n|c|\u2606code fault|gg\n|\n|t:|1790881993\n|move|p1a: Hawlucha|Acrobatics|p2a: Landorus\n|-damage|p2a: Landorus|2/100\n|move|p2a: Landorus|Knock Off|p1a: Hawlucha\n|-resisted|p1a: Hawlucha\n|-activate|p1a: Hawlucha|move: Substitute|[damage]\n|\n|-heal|p2a: Landorus|8/100|[from] item: Leftovers\n|upkeep\n|turn|25\n|\n|t:|1790881998\n|move|p1a: Hawlucha|Acrobatics|p2a: Landorus\n|-damage|p2a: Landorus|0 fnt\n|faint|p2a: Landorus\n|\n|win|code fault\n|player|p2|\n", "uploadtime": 1790881998, "views": "88", "formatid": "gen8ou", "rating": null, "private": 0, "password": null}