{"id": "smogtours-gen8ou-975102", "format": "[Gen 8] OU", "players": ["JensenDale", "The Elsa Mars Show"], "log": "|inactive|Battle timer is ON: inactive players will automatically lose when time's up.\n|t:|1790535756\n|gametype|singles\n|player|p1|JensenDale|acetrainer-gen4dp|\n|player|p2|The Elsa Mars Show|dawn|\n|gen|8\n|tier|[Gen 8] OU\n|rule|HP Percentage Mod: HP is shown in percentages\n|rule|Endless Battle Clause: Forcing endless battles is banned\n|rule|Sleep Clause Mod: Limit one foe put to sleep\n|rule|Species Clause: Limit one of each Pok\u00e9mon\n|rule|OHKO Clause: OHKO moves are banned\n|rule|Evasion Items Clause: Evasion items are banned\n|rule|Evasion Moves Clause: Evasion moves are banned\n|rule|Dynamax Clause: You cannot dynamax\n|clearpoke\n|poke|p1|Rillaboom, M|\n|poke|p1|Melmetal|\n|poke|p1|Tornadus-Therian, M|\n|poke|p1|Garchomp, F|\n|poke|p1|Blaziken, M|\n|poke|p1|Tapu Fini|\n|poke|p2|Clefable, F|\n|poke|p2|Ferrothorn, M|\n|poke|p2|Landorus-Therian, M|\n|poke|p2|Tapu Koko|\n|poke|p2|Dragonite, M|\n|poke|p2|Volcarona, M|\n|teampreview\n|c|\u2606JensenDale|Hf\n|c|\u2606The Elsa Mars Show|u2\n|inactive|JensenDale has 270 seconds left.\n|inactive|The Elsa Mars Show has 270 seconds left.\n|inactive|JensenDale has 240 seconds left.\n|inactive|The Elsa Mars Show has 240 seconds left.\n|inactive|JensenDale has 210 seconds left.\n|inactive|The Elsa Mars Show has 210 seconds left.\n|\n|t:|1790535862\n|teamsize|p1|6\n|teamsize|p2|6\n|start\n|switch|p1a: Matt Land|Garchomp, F|100/100\n|switch|p2a: Landorus|Landorus-Therian, M|100/100\n|-ability|p2a: Landorus|Intimidate|boost\n|-unboost|p1a: Matt Land|atk|1\n|turn|1\n|\n|t:|1790535870\n|switch|p2a: Clefable|Clefable, F|100/100\n|move|p1a: Matt Land|Stealth Rock|p2a: Clefable\n|-sidestart|p2: The Elsa Mars Show|move: Stealth Rock\n|\n|upkeep\n|turn|2\n|inactive|JensenDale has 270 seconds left.\n|\n|t:|1790535888\n|switch|p1a: Manuel|Blaziken, M|100/100\n|move|p2a: Clefable|Trick|p1a: Manuel\n|-activate|p2a: Clefable|move: Trick|[of] p1a: Manuel\n|-item|p1a: Manuel|Sticky Barb|[from] move: Trick\n|-item|p2a: Clefable|Choice Band|[from] move: Trick\n|\n|-damage|p1a: Manuel|88/100|[from] item: Sticky Barb\n|upkeep\n|turn|3\n|inactive|JensenDale has 270 seconds left.\n|inactive|The Elsa Mars Show has 270 seconds left.\n|inactive|JensenDale has 240 seconds left.\n|\n|t:|1790535939\n|switch|p2a: Dragonite|Dragonite, M, shiny|100/100\n|move|p1a: Manuel|Thunder Punch|p2a: Dragonite\n|-damage|p2a: Dragonite|85/100\n|-status|p2a: Dragonite|par\n|\n|-ability|p1a: Manuel|Speed Boost|boost\n|-boost|p1a: Manuel|spe|1\n|-damage|p1a: Manuel|76/100|[from] item: Sticky Barb\n|upkeep\n|turn|4\n|inactive|JensenDale has 240 seconds left.\n|\n|t:|1790535953\n|switch|p1a: Rillaboomer|Rillaboom, M, shiny|100/100\n|-fieldstart|move: Grassy Terrain|[from] ability: Grassy Surge|[of] p1a: Rillaboomer\n|cant|p2a: Dragonite|par\n|\n|upkeep\n|turn|5\n|inactive|JensenDale has 240 seconds left.\n|inactive|The Elsa Mars Show has 270 seconds left.\n|\n|t:|1790535968\n|move|p1a: Rillaboomer|Knock Off|p2a: Dragonite\n|-damage|p2a: Dragonite|48/100 par\n|-enditem|p2a: Dragonite|Heavy-Duty Boots|[from] move: Knock Off|[of] p1a: Rillaboomer\n|move|p2a: Dragonite|Dual Wingbeat|p1a: Rillaboomer\n|-supereffective|p1a: Rillaboomer\n|-damage|p1a: Rillaboomer|57/100\n|-supereffective|p1a: Rillaboomer\n|-damage|p1a: Rillaboomer|12/100\n|-hitcount|p1a: Rillaboomer|2\n|\n|-heal|p1a: Rillaboomer|18/100|[from] Grassy Terrain\n|upkeep\n|turn|6\n|inactive|JensenDale has 240 seconds left.\n|\n|t:|1790535977\n|move|p1a: Rillaboomer|U-turn|p2a: Dragonite\n|-resisted|p2a: Dragonite\n|-damage|p2a: Dragonite|34/100 par\n|\n|t:|1790535980\n|switch|p1a: Norma Sheffield|Tapu Fini|100/100|[from] U-turn\n|-fieldstart|move: Misty Terrain|[from] ability: Misty Surge|[of] p1a: Norma Sheffield\n|move|p2a: Dragonite|Roost|p2a: Dragonite\n|-heal|p2a: Dragonite|84/100 par\n|-singleturn|p2a: Dragonite|move: Roost\n|\n|upkeep\n|turn|7\n|\n|t:|1790535992\n|switch|p1a: Rillaboomer|Rillaboom, M, shiny|18/100\n|-fieldstart|move: Grassy Terrain|[from] ability: Grassy Surge|[of] p1a: Rillaboomer\n|switch|p2a: Ferrothorn|Ferrothorn, M|100/100\n|-damage|p2a: Ferrothorn|94/100|[from] Stealth Rock\n|\n|-heal|p1a: Rillaboomer|24/100|[from] Grassy Terrain\n|-heal|p2a: Ferrothorn|100/100|[from] Grassy Terrain\n|upkeep\n|turn|8\n|\n|t:|1790536002\n|switch|p1a: Manuel|Blaziken, M|76/100\n|move|p2a: Ferrothorn|Spikes|p1a: Manuel\n|-sidestart|p1: JensenDale|Spikes\n|\n|-heal|p1a: Manuel|82/100|[from] Grassy Terrain\n|-damage|p1a: Manuel|70/100|[from] item: Sticky Barb\n|upkeep\n|turn|9\n|\n|t:|1790536014\n|switch|p2a: Dragonite|Dragonite, M, shiny|84/100 par\n|-damage|p2a: Dragonite|59/100 par|[from] Stealth Rock\n|move|p1a: Manuel|Close Combat|p2a: Dragonite\n|-resisted|p2a: Dragonite\n|-damage|p2a: Dragonite|21/100 par\n|-unboost|p1a: Manuel|def|1\n|-unboost|p1a: Manuel|spd|1\n|\n|-heal|p1a: Manuel|76/100|[from] Grassy Terrain\n|-ability|p1a: Manuel|Speed Boost|boost\n|-boost|p1a: Manuel|spe|1\n|-damage|p1a: Manuel|63/100|[from] item: Sticky Barb\n|upkeep\n|turn|10\n|\n|t:|1790536028\n|move|p1a: Manuel|Flare Blitz|p2a: Dragonite\n|-resisted|p2a: Dragonite\n|-damage|p2a: Dragonite|0 fnt\n|faint|p2a: Dragonite\n|-damage|p1a: Manuel|56/100|[from] Recoil\n|\n|-heal|p1a: Manuel|62/100|[from] Grassy Terrain\n|-ability|p1a: Manuel|Speed Boost|boost\n|-boost|p1a: Manuel|spe|1\n|-damage|p1a: Manuel|50/100|[from] item: Sticky Barb\n|upkeep\n|\n|t:|1790536030\n|switch|p2a: Landorus|Landorus-Therian, M|100/100\n|-damage|p2a: Landorus|88/100|[from] Stealth Rock\n|-ability|p2a: Landorus|Intimidate|boost\n|-unboost|p1a: Manuel|atk|1\n|turn|11\n|\n|t:|1790536034\n|switch|p1a: Norma Sheffield|Tapu Fini|100/100\n|-damage|p1a: Norma Sheffield|88/100|[from] Spikes\n|-fieldstart|move: Misty Terrain|[from] ability: Misty Surge|[of] p1a: Norma Sheffield\n|move|p2a: Landorus|Stealth Rock|p1a: Norma Sheffield\n|-sidestart|p1: JensenDale|move: Stealth Rock\n|\n|-heal|p2a: Landorus|94/100|[from] item: Leftovers\n|upkeep\n|turn|12\n|\n|t:|1790536039\n|switch|p2a: Tapu Koko|Tapu Koko, shiny|100/100\n|-fieldstart|move: Electric Terrain|[from] ability: Electric Surge|[of] p2a: Tapu Koko\n|move|p1a: Norma Sheffield|Scald|p2a: Tapu Koko\n|-damage|p2a: Tapu Koko|61/100\n|\n|upkeep\n|turn|13\n|\n|t:|1790536044\n|move|p2a: Tapu Koko|Roost|p2a: Tapu Koko\n|-heal|p2a: Tapu Koko|100/100\n|-singleturn|p2a: Tapu Koko|move: Roost\n|move|p1a: Norma Sheffield|Scald|p2a: Tapu Koko\n|-damage|p2a: Tapu Koko|61/100\n|-status|p2a: Tapu Koko|brn\n|\n|-damage|p2a: Tapu Koko|55/100 brn|[from] brn\n|upkeep\n|turn|14\n|\n|t:|1790536051\n|switch|p1a: Matt Land|Garchomp, F|100/100\n|-damage|p1a: Matt Land|88/100|[from] Spikes\n|-damage|p1a: Matt Land|82/100|[from] Stealth Rock\n|move|p2a: Tapu Koko|Toxic|p1a: Matt Land|[miss]\n|-miss|p2a: Tapu Koko|p1a: Matt Land\n|\n|-heal|p1a: Matt Land|88/100|[from] item: Leftovers\n|-damage|p2a: Tapu Koko|49/100 brn|[from] brn\n|upkeep\n|turn|15\n|\n|t:|1790536057\n|switch|p2a: Ferrothorn|Ferrothorn, M|100/100\n|-damage|p2a: Ferrothorn|94/100|[from] Stealth Rock\n|move|p1a: Matt Land|Protect||[still]\n|-fail|p1a: Matt Land\n|\n|-heal|p1a: Matt Land|94/100|[from] item: Leftovers\n|upkeep\n|turn|16\n|\n|t:|1790536066\n|switch|p1a: Max Coveri|Tornadus-Therian, M|100/100\n|move|p2a: Ferrothorn|Spikes|p1a: Max Coveri\n|-sidestart|p1: JensenDale|Spikes\n|\n|-fieldend|move: Electric Terrain\n|upkeep\n|turn|17\n|\n|t:|1790536070\n|switch|p2a: Clefable|Clefable, F|100/100\n|move|p1a: Max Coveri|Defog|p2a: Clefable\n|-unboost|p2a: Clefable|evasion|1\n|-sideend|p2: The Elsa Mars Show|Stealth Rock|[from] move: Defog|[of] p1a: Max Coveri\n|-sideend|p1: JensenDale|Spikes|[from] move: Defog|[of] p1a: Max Coveri\n|-sideend|p1: JensenDale|Stealth Rock|[from] move: Defog|[of] p1a: Max Coveri\n|\n|upkeep\n|turn|18\n|\n|t:|1790536079\n|move|p1a: Max Coveri|U-turn|p2a: Clefable\n|-resisted|p2a: Clefable\n|-damage|p2a: Clefable|95/100\n|\n|t:|1790536081\n|switch|p1a: Maurizio De Jorio|Melmetal|100/100|[from] U-turn\n|move|p2a: Clefable|Moonblast|p1a: Maurizio De Jorio\n|-resisted|p1a: Maurizio De Jorio\n|-damage|p1a: Maurizio De Jorio|85/100\n|\n|-heal|p1a: Maurizio De Jorio|92/100|[from] item: Leftovers\n|upkeep\n|turn|19\n|\n|t:|1790536093\n|switch|p2a: Volcarona|Volcarona, M, shiny|100/100\n|switch|p1a: Rillaboomer|Rillaboom, M, shiny|24/100\n|-fieldstart|move: Grassy Terrain|[from] ability: Grassy Surge|[of] p1a: Rillaboomer\n|\n|-heal|p1a: Rillaboomer|30/100|[from] Grassy Terrain\n|upkeep\n|turn|20\n|\n|t:|1790536110\n|switch|p1a: Manuel|Blaziken, M|50/100\n|move|p2a: Volcarona|Flamethrower|p1a: Manuel\n|-resisted|p1a: Manuel\n|-damage|p1a: Manuel|17/100\n|\n|-heal|p1a: Manuel|23/100|[from] Grassy Terrain\n|-damage|p1a: Manuel|11/100|[from] item: Sticky Barb\n|upkeep\n|turn|21\n|\n|t:|1790536131\n|switch|p2a: Clefable|Clefable, F|95/100\n|switch|p1a: Matt Land|Garchomp, F|94/100\n|\n|-heal|p1a: Matt Land|100/100|[from] Grassy Terrain\n|-heal|p2a: Clefable|100/100|[from] Grassy Terrain\n|upkeep\n|turn|22\n|\n|t:|1790536140\n|move|p1a: Matt Land|Protect|p1a: Matt Land\n|-singleturn|p1a: Matt Land|Protect\n|move|p2a: Clefable|Trick|p1a: Matt Land\n|-activate|p1a: Matt Land|move: Protect\n|\n|upkeep\n|turn|23\n|\n|t:|1790536143\n|switch|p1a: Manuel|Blaziken, M|11/100\n|switch|p2a: Ferrothorn|Ferrothorn, M|94/100\n|\n|-heal|p1a: Manuel|17/100|[from] Grassy Terrain\n|-heal|p2a: Ferrothorn|100/100|[from] Grassy Terrain\n|-fieldend|move: Grassy Terrain\n|-damage|p1a: Manuel|5/100|[from] item: Sticky Barb\n|upkeep\n|turn|24\n|\n|t:|1790536148\n|switch|p2a: Clefable|Clefable, F|100/100\n|move|p1a: Manuel|Flare Blitz|p2a: Clefable\n|-damage|p2a: Clefable|53/100\n|-damage|p1a: Manuel|0 fnt|[from] Recoil\n|faint|p1a: Manuel\n|\n|upkeep\n|\n|t:|1790536152\n|switch|p1a: Rillaboomer|Rillaboom, M, shiny|30/100\n|-fieldstart|move: Grassy Terrain|[from] ability: Grassy Surge|[of] p1a: Rillaboomer\n|turn|25\n|\n|t:|1790536157\n|move|p1a: Rillaboomer|Grassy Glide|p2a: Clefable\n|-damage|p2a: Clefable|14/100\n|move|p2a: Clefable|Trick|p1a: Rillaboomer\n|-activate|p2a: Clefable|move: Trick|[of] p1a: Rillaboomer\n|-item|p1a: Rillaboomer|Choice Band|[from] move: Trick\n|-item|p2a: Clefable|Assault Vest|[from] move: Trick\n|\n|-heal|p1a: Rillaboomer|36/100|[from] Grassy Terrain\n|-heal|p2a: Clefable|20/100|[from] Grassy Terrain\n|upkeep\n|turn|26\n|\n|t:|1790536164\n|switch|p2a: Landorus|Landorus-Therian, M|94/100\n|-ability|p2a: Landorus|Intimidate|boost\n|-unboost|p1a: Rillaboomer|atk|1\n|move|p1a: Rillaboomer|Knock Off|p2a: Landorus\n|-damage|p2a: Landorus|61/100\n|-enditem|p2a: Landorus|Leftovers|[from] move: Knock Off|[of] p1a: Rillaboomer\n|\n|-heal|p1a: Rillaboomer|42/100|[from] Grassy Terrain\n|upkeep\n|turn|27\n|\n|t:|1790536170\n|switch|p1a: Matt Land|Garchomp, F|100/100\n|move|p2a: Landorus|Stealth Rock|p1a: Matt Land\n|-sidestart|p1: JensenDale|move: Stealth Rock\n|\n|upkeep\n|turn|28\n|\n|t:|1790536173\n|move|p1a: Matt Land|Stealth Rock|p2a: Landorus\n|-sidestart|p2: The Elsa Mars Show|move: Stealth Rock\n|move|p2a: Landorus|Toxic|p1a: Matt Land\n|-status|p1a: Matt Land|tox\n|\n|-damage|p1a: Matt Land|94/100 tox|[from] psn\n|upkeep\n|turn|29\n|\n|t:|1790536182\n|switch|p1a: Norma Sheffield|Tapu Fini|88/100\n|-damage|p1a: Norma Sheffield|75/100|[from] Stealth Rock\n|-fieldstart|move: Misty Terrain|[from] ability: Misty Surge|[of] p1a: Norma Sheffield\n|switch|p2a: Ferrothorn|Ferrothorn, M|100/100\n|-damage|p2a: Ferrothorn|94/100|[from] Stealth Rock\n|\n|upkeep\n|turn|30\n|\n|t:|1790536186\n|move|p1a: Norma Sheffield|Taunt|p2a: Ferrothorn\n|-start|p2a: Ferrothorn|move: Taunt\n|cant|p2a: Ferrothorn|move: Taunt|Leech Seed\n|\n|upkeep\n|turn|31\n|\n|t:|1790536191\n|switch|p1a: Max Coveri|Tornadus-Therian, M|100/100\n|switch|p2a: Clefable|Clefable, F|20/100\n|\n|upkeep\n|turn|32\n|\n|t:|1790536199\n|switch|p2a: Tapu Koko|Tapu Koko, shiny|49/100 brn\n|-fieldstart|move: Electric Terrain|[from] ability: Electric Surge|[of] p2a: Tapu Koko\n|move|p1a: Max Coveri|Heat Wave|p2a: Tapu Koko\n|-damage|p2a: Tapu Koko|12/100 brn\n|\n|-damage|p2a: Tapu Koko|6/100 brn|[from] brn\n|upkeep\n|turn|33\n|\n|t:|1790536205\n|move|p2a: Tapu Koko|Roost|p2a: Tapu Koko\n|-heal|p2a: Tapu Koko|56/100 brn\n|-singleturn|p2a: Tapu Koko|move: Roost\n|move|p1a: Max Coveri|U-turn|p2a: Tapu Koko\n|-resisted|p2a: Tapu Koko\n|-damage|p2a: Tapu Koko|46/100 brn\n|\n|t:|1790536207\n|switch|p1a: Maurizio De Jorio|Melmetal|92/100|[from] U-turn\n|-damage|p1a: Maurizio De Jorio|85/100|[from] Stealth Rock\n|\n|-heal|p1a: Maurizio De Jorio|92/100|[from] item: Leftovers\n|-damage|p2a: Tapu Koko|40/100 brn|[from] brn\n|upkeep\n|turn|34\n|\n|t:|1790536212\n|switch|p2a: Ferrothorn|Ferrothorn, M|94/100\n|-damage|p2a: Ferrothorn|88/100|[from] Stealth Rock\n|move|p1a: Maurizio De Jorio|Superpower|p2a: Ferrothorn\n|-supereffective|p2a: Ferrothorn\n|-damage|p2a: Ferrothorn|32/100\n|-unboost|p1a: Maurizio De Jorio|atk|1\n|-unboost|p1a: Maurizio De Jorio|def|1\n|-damage|p1a: Maurizio De Jorio|79/100|[from] ability: Iron Barbs|[of] p2a: Ferrothorn\n|-damage|p1a: Maurizio De Jorio|63/100|[from] item: Rocky Helmet|[of] p2a: Ferrothorn\n|\n|-heal|p1a: Maurizio De Jorio|69/100|[from] item: Leftovers\n|upkeep\n|turn|35\n|\n|t:|1790536216\n|switch|p2a: Volcarona|Volcarona, M, shiny|100/100\n|move|p1a: Maurizio De Jorio|Superpower|p2a: Volcarona\n|-resisted|p2a: Volcarona\n|-damage|p2a: Volcarona|84/100\n|-unboost|p1a: Maurizio De Jorio|atk|1\n|-unboost|p1a: Maurizio De Jorio|def|1\n|\n|-heal|p1a: Maurizio De Jorio|75/100|[from] item: Leftovers\n|upkeep\n|turn|36\n|\n|t:|1790536222\n|switch|p1a: Matt Land|Garchomp, F|94/100 tox\n|-damage|p1a: Matt Land|88/100 tox|[from] Stealth Rock\n|move|p2a: Volcarona|Flamethrower|p1a: Matt Land\n|-resisted|p1a: Matt Land\n|-damage|p1a: Matt Land|73/100 tox\n|\n|-heal|p1a: Matt Land|79/100 tox|[from] item: Leftovers\n|-damage|p1a: Matt Land|73/100 tox|[from] psn\n|-fieldend|move: Electric Terrain\n|upkeep\n|turn|37\n|\n|t:|1790536227\n|switch|p2a: Landorus|Landorus-Therian, M|61/100\n|-damage|p2a: Landorus|49/100|[from] Stealth Rock\n|-ability|p2a: Landorus|Intimidate|boost\n|-unboost|p1a: Matt Land|atk|1\n|move|p1a: Matt Land|Toxic|p2a: Landorus\n|-status|p2a: Landorus|tox\n|\n|-heal|p1a: Matt Land|79/100 tox|[from] item: Leftovers\n|-damage|p1a: Matt Land|67/100 tox|[from] psn\n|-damage|p2a: Landorus|43/100 tox|[from] psn\n|upkeep\n|turn|38\n|\n|t:|1790536244\n|move|p1a: Matt Land|Earthquake|p2a: Landorus\n|-immune|p2a: Landorus\n|move|p2a: Landorus|U-turn|p1a: Matt Land\n|-crit|p1a: Matt Land\n|-damage|p1a: Matt Land|39/100 tox\n|-damage|p2a: Landorus|31/100 tox|[from] ability: Rough Skin|[of] p1a: Matt Land\n|\n|t:|1790536247\n|switch|p2a: Tapu Koko|Tapu Koko, shiny|40/100 brn|[from] U-turn\n|-fieldstart|move: Electric Terrain|[from] ability: Electric Surge|[of] p2a: Tapu Koko\n|\n|-heal|p1a: Matt Land|45/100 tox|[from] item: Leftovers\n|-damage|p1a: Matt Land|27/100 tox|[from] psn\n|-damage|p2a: Tapu Koko|34/100 brn|[from] brn\n|upkeep\n|turn|39\n|\n|t:|1790536264\n|move|p1a: Matt Land|Protect|p1a: Matt Land\n|-singleturn|p1a: Matt Land|Protect\n|move|p2a: Tapu Koko|Dazzling Gleam|p1a: Matt Land\n|-activate|p1a: Matt Land|move: Protect\n|\n|-heal|p1a: Matt Land|33/100 tox|[from] item: Leftovers\n|-damage|p1a: Matt Land|8/100 tox|[from] psn\n|-damage|p2a: Tapu Koko|28/100 brn|[from] brn\n|upkeep\n|turn|40\n|\n|t:|1790536266\n|move|p2a: Tapu Koko|Dazzling Gleam|p1a: Matt Land\n|-supereffective|p1a: Matt Land\n|-damage|p1a: Matt Land|0 fnt\n|faint|p1a: Matt Land\n|\n|-damage|p2a: Tapu Koko|21/100 brn|[from] brn\n|upkeep\n|\n|t:|1790536268\n|switch|p1a: Rillaboomer|Rillaboom, M, shiny|42/100\n|-damage|p1a: Rillaboomer|30/100|[from] Stealth Rock\n|-fieldstart|move: Grassy Terrain|[from] ability: Grassy Surge|[of] p1a: Rillaboomer\n|turn|41\n|\n|t:|1790536272\n|switch|p2a: Ferrothorn|Ferrothorn, M|32/100\n|-damage|p2a: Ferrothorn|25/100|[from] Stealth Rock\n|move|p1a: Rillaboomer|Knock Off|p2a: Ferrothorn\n|-damage|p2a: Ferrothorn|0 fnt\n|-damage|p1a: Rillaboomer|18/100|[from] ability: Iron Barbs|[of] p2a: Ferrothorn\n|-damage|p1a: Rillaboomer|1/100|[from] item: Rocky Helmet|[of] p2a: Ferrothorn\n|-enditem|p2a: Ferrothorn|Rocky Helmet|[from] move: Knock Off|[of] p1a: Rillaboomer\n|faint|p2a: Ferrothorn\n|\n|-heal|p1a: Rillaboomer|7/100|[from] Grassy Terrain\n|upkeep\n|\n|t:|1790536276\n|switch|p2a: Tapu Koko|Tapu Koko, shiny|21/100 brn\n|-fieldstart|move: Electric Terrain|[from] ability: Electric Surge|[of] p2a: Tapu Koko\n|turn|42\n|\n|t:|1790536282\n|move|p2a: Tapu Koko|Dazzling Gleam|p1a: Rillaboomer\n|-damage|p1a: Rillaboomer|0 fnt\n|faint|p1a: Rillaboomer\n|\n|-damage|p2a: Tapu Koko|15/100 brn|[from] brn\n|upkeep\n|\n|t:|1790536288\n|switch|p1a: Maurizio De Jorio|Melmetal|75/100\n|-damage|p1a: Maurizio De Jorio|69/100|[from] Stealth Rock\n|turn|43\n|\n|t:|1790536292\n|switch|p2a: Landorus|Landorus-Therian, M|31/100 tox\n|-damage|p2a: Landorus|19/100 tox|[from] Stealth Rock\n|-ability|p2a: Landorus|Intimidate|boost\n|-unboost|p1a: Maurizio De Jorio|atk|1\n|move|p1a: Maurizio De Jorio|Protect||[still]\n|-fail|p1a: Maurizio De Jorio\n|\n|-heal|p1a: Maurizio De Jorio|75/100|[from] item: Leftovers\n|-damage|p2a: Landorus|13/100 tox|[from] psn\n|upkeep\n|turn|44\n|\n|t:|1790536295\n|move|p1a: Maurizio De Jorio|Protect|p1a: Maurizio De Jorio\n|-singleturn|p1a: Maurizio De Jorio|Protect\n|move|p2a: Landorus|Toxic|p1a: Maurizio De Jorio\n|-activate|p1a: Maurizio De Jorio|move: Protect\n|\n|-heal|p1a: Maurizio De Jorio|81/100|[from] item: Leftovers\n|-damage|p2a: Landorus|0 fnt|[from] psn\n|faint|p2a: Landorus\n|upkeep\n|\n|t:|1790536297\n|switch|p2a: Volcarona|Volcarona, M, shiny|84/100\n|turn|45\n|\n|t:|1790536300\n|move|p2a: Volcarona|Quiver Dance|p2a: Volcarona\n|-boost|p2a: Volcarona|spa|1\n|-boost|p2a: Volcarona|spd|1\n|-boost|p2a: Volcarona|spe|1\n|move|p1a: Maurizio De Jorio|Thunder Punch|p2a: Volcarona\n|-damage|p2a: Volcarona|45/100\n|\n|-heal|p1a: Maurizio De Jorio|88/100|[from] item: Leftovers\n|upkeep\n|turn|46\n|\n|t:|1790536306\n|move|p1a: Maurizio De Jorio|Protect|p1a: Maurizio De Jorio\n|-singleturn|p1a: Maurizio De Jorio|Protect\n|move|p2a: Volcarona|Roost|p2a: Volcarona\n|-heal|p2a: Volcarona|95/100\n|-singleturn|p2a: Volcarona|move: Roost\n|\n|-heal|p1a: Maurizio De Jorio|94/100|[from] item: Leftovers\n|-fieldend|move: Electric Terrain\n|upkeep\n|turn|47\n|\n|t:|1790536310\n|switch|p1a: Norma Sheffield|Tapu Fini|75/100\n|-damage|p1a: Norma Sheffield|63/100|[from] Stealth Rock\n|-fieldstart|move: Misty Terrain|[from] ability: Misty Surge|[of] p1a: Norma Sheffield\n|move|p2a: Volcarona|Quiver Dance|p2a: Volcarona\n|-boost|p2a: Volcarona|spa|1\n|-boost|p2a: Volcarona|spd|1\n|-boost|p2a: Volcarona|spe|1\n|\n|upkeep\n|turn|48\n|\n|t:|1790536315\n|move|p2a: Volcarona|Giga Drain|p1a: Norma Sheffield\n|-supereffective|p1a: Norma Sheffield\n|-damage|p1a: Norma Sheffield|0 fnt\n|-heal|p2a: Volcarona|100/100|[from] drain|[of] p1a: Norma Sheffield\n|faint|p1a: Norma Sheffield\n|\n|upkeep\n|c|\u2606The Elsa Mars Show|gg\n|\n|t:|1790536320\n|switch|p1a: Max Coveri|Tornadus-Therian, M|100/100\n|turn|49\n|\n|t:|1790536325\n|move|p2a: Volcarona|Flamethrower|p1a: Max Coveri\n|-crit|p1a: Max Coveri\n|-damage|p1a: Max Coveri|0 fnt\n|faint|p1a: Max Coveri\n|\n|upkeep\n|\n|t:|1790536326\n|switch|p1a: Maurizio De Jorio|Melmetal|94/100\n|-damage|p1a: Maurizio De Jorio|88/100|[from] Stealth Rock\n|turn|50\n|\n|t:|1790536328\n|move|p1a: Maurizio De Jorio|Protect|p1a: Maurizio De Jorio\n|-singleturn|p1a: Maurizio De Jorio|Protect\n|move|p2a: Volcarona|Flamethrower|p1a: Maurizio De Jorio\n|-activate|p1a: Maurizio De Jorio|move: Protect\n|\n|-heal|p1a: Maurizio De Jorio|94/100|[from] item: Leftovers\n|upkeep\n|turn|51\n|\n|t:|1790536331\n|move|p1a: Maurizio De Jorio|Protect||[still]\n|-fail|p1a: Maurizio De Jorio\n|move|p2a: Volcarona|Flamethrower|p1a: Maurizio De Jorio\n|-supereffective|p1a: Maurizio De Jorio\n|-damage|p1a: Maurizio De Jorio|0 fnt\n|faint|p1a: Maurizio De Jorio\n|\n|win|The Elsa Mars Show\n", "uploadtime": 1790536331, "views": "112", "formatid": "gen8ou", "rating": null, "private": 0, "password": null}