{"id": "smogtours-gen8ou-976138", "format": "[Gen 8] OU", "players": ["Isza", "Garay oak"], "log": "|inactive|Battle timer is ON: inactive players will automatically lose when time's up.\n|t:|1791041150\n|gametype|singles\n|player|p1|Isza|#scl5foxes|\n|player|p2|Garay oak|#scl6dynamos2|\n|gen|8\n|tier|[Gen 8] OU\n|rule|HP Percentage Mod: HP is shown in percentages\n|rule|Endless Battle Clause: Forcing endless battles is banned\n|rule|Sleep Clause Mod: Limit one foe put to sleep\n|rule|Species Clause: Limit one of each Pok\u00e9mon\n|rule|OHKO Clause: OHKO moves are banned\n|rule|Evasion Items Clause: Evasion items are banned\n|rule|Evasion Moves Clause: Evasion moves are banned\n|rule|Dynamax Clause: You cannot dynamax\n|clearpoke\n|poke|p1|Tyranitar, F|\n|poke|p1|Slowbro, F|\n|poke|p1|Buzzwole|\n|poke|p1|Ferrothorn, M|\n|poke|p1|Excadrill, F|\n|poke|p1|Tornadus-Therian, M|\n|poke|p2|Corviknight, M|\n|poke|p2|Buzzwole|\n|poke|p2|Gastrodon-East, M|\n|poke|p2|Tornadus-Therian, M|\n|poke|p2|Blissey, F|\n|poke|p2|Toxapex, F|\n|teampreview\n|c|\u2606Isza|Hf\n|inactive|Isza has 270 seconds left.\n|inactive|Garay oak has 270 seconds left.\n|inactive|Isza has 240 seconds left.\n|inactive|Isza disconnected and has 300 seconds to reconnect!\n|player|p1|\n|inactive|Isza reconnected and has 225 seconds left.\n|player|p1|Isza|#scl5foxes|\n|inactive|Isza has 210 seconds left.\n|\n|t:|1791041263\n|teamsize|p1|6\n|teamsize|p2|6\n|start\n|switch|p1a: Tornadus|Tornadus-Therian, M|100/100\n|switch|p2a: Tornadus|Tornadus-Therian, M|100/100\n|turn|1\n|\n|t:|1791041274\n|move|p2a: Tornadus|Knock Off|p1a: Tornadus\n|-damage|p1a: Tornadus|79/100\n|-enditem|p1a: Tornadus|Heavy-Duty Boots|[from] move: Knock Off|[of] p2a: Tornadus\n|move|p1a: Tornadus|Knock Off|p2a: Tornadus\n|-damage|p2a: Tornadus|76/100\n|-enditem|p2a: Tornadus|Heavy-Duty Boots|[from] move: Knock Off|[of] p1a: Tornadus\n|\n|upkeep\n|turn|2\n|\n|t:|1791041285\n|move|p2a: Tornadus|U-turn|p1a: Tornadus\n|-resisted|p1a: Tornadus\n|-damage|p1a: Tornadus|71/100\n|\n|t:|1791041290\n|switch|p2a: Blissey|Blissey, F|100/100|[from] U-turn\n|move|p1a: Tornadus|U-turn|p2a: Blissey\n|-crit|p2a: Blissey\n|-damage|p2a: Blissey|81/100\n|inactive|Isza has 240 seconds left.\n|inactive|Isza has 210 seconds left.\n|inactive|Isza has 180 seconds left.\n|\n|t:|1791041379\n|switch|p1a: Ferrothorn|Ferrothorn, M|100/100|[from] U-turn\n|\n|upkeep\n|turn|3\n|\n|t:|1791041387\n|move|p2a: Blissey|Stealth Rock|p1a: Ferrothorn\n|-sidestart|p1: Isza|move: Stealth Rock\n|move|p1a: Ferrothorn|Stealth Rock|p2a: Blissey\n|-sidestart|p2: Garay oak|move: Stealth Rock\n|\n|upkeep\n|turn|4\n|\n|t:|1791041392\n|switch|p2a: Toxapex|Toxapex, F|100/100\n|-damage|p2a: Toxapex|88/100|[from] Stealth Rock\n|move|p1a: Ferrothorn|Leech Seed|p2a: Toxapex\n|-start|p2a: Toxapex|move: Leech Seed\n|\n|-damage|p2a: Toxapex|76/100|[from] Leech Seed|[of] p1a: Ferrothorn\n|upkeep\n|turn|5\n|\n|t:|1791041408\n|switch|p2a: Tornadus|Tornadus-Therian, M|100/100\n|-damage|p2a: Tornadus|76/100|[from] Stealth Rock\n|switch|p1a: Slowbro|Slowbro, F|100/100\n|\n|upkeep\n|turn|6\n|\n|t:|1791041419\n|switch|p1a: Tornadus|Tornadus-Therian, M|100/100\n|-damage|p1a: Tornadus|76/100|[from] Stealth Rock\n|move|p2a: Tornadus|Knock Off|p1a: Tornadus\n|-damage|p1a: Tornadus|59/100\n|\n|upkeep\n|turn|7\n|\n|t:|1791041427\n|move|p2a: Tornadus|Taunt|p1a: Tornadus\n|-start|p1a: Tornadus|move: Taunt\n|move|p1a: Tornadus|U-turn|p2a: Tornadus\n|-resisted|p2a: Tornadus\n|-damage|p2a: Tornadus|66/100\n|\n|t:|1791041440\n|switch|p1a: Slowbro|Slowbro, F|100/100|[from] U-turn\n|\n|upkeep\n|turn|8\n|\n|t:|1791041443\n|switch|p1a: Tornadus|Tornadus-Therian, M|92/100\n|-damage|p1a: Tornadus|68/100|[from] Stealth Rock\n|move|p2a: Tornadus|Knock Off|p1a: Tornadus\n|-damage|p1a: Tornadus|52/100\n|\n|upkeep\n|turn|9\n|inactive|Isza has 210 seconds left.\n|\n|t:|1791041450\n|move|p2a: Tornadus|U-turn|p1a: Tornadus\n|-resisted|p1a: Tornadus\n|-damage|p1a: Tornadus|44/100\n|\n|t:|1791041453\n|switch|p2a: Toxapex|Toxapex, F|100/100|[from] U-turn\n|-damage|p2a: Toxapex|88/100|[from] Stealth Rock\n|move|p1a: Tornadus|U-turn|p2a: Toxapex\n|-resisted|p2a: Toxapex\n|-damage|p2a: Toxapex|83/100\n|-damage|p1a: Tornadus|28/100|[from] item: Rocky Helmet|[of] p2a: Toxapex\n|inactive|Isza has 210 seconds left.\n|\n|t:|1791041477\n|switch|p1a: Slowbro|Slowbro, F|100/100|[from] U-turn\n|\n|upkeep\n|turn|10\n|\n|t:|1791041484\n|move|p2a: Toxapex|Light Screen|p2a: Toxapex\n|-sidestart|p2: Garay oak|move: Light Screen\n|move|p1a: Slowbro|Future Sight|p2a: Toxapex\n|-start|p1a: Slowbro|move: Future Sight\n|\n|upkeep\n|turn|11\n|inactive|Isza has 210 seconds left.\n|\n|t:|1791041500\n|switch|p2a: Tornadus|Tornadus-Therian, M|99/100\n|-damage|p2a: Tornadus|75/100|[from] Stealth Rock\n|move|p1a: Slowbro|Teleport|p1a: Slowbro\n|\n|t:|1791041517\n|switch|p1a: Smiggalino|Tyranitar, F|100/100|[from] Teleport\n|-damage|p1a: Smiggalino|88/100|[from] Stealth Rock\n|-weather|Sandstorm|[from] ability: Sand Stream|[of] p1a: Smiggalino\n|\n|-weather|Sandstorm|[upkeep]\n|-damage|p2a: Tornadus|69/100|[from] Sandstorm\n|upkeep\n|turn|12\n|\n|t:|1791041530\n|move|p2a: Tornadus|U-turn|p1a: Smiggalino\n|-supereffective|p1a: Smiggalino\n|-damage|p1a: Smiggalino|62/100\n|\n|t:|1791041534\n|switch|p2a: Gastrodon|Gastrodon-East, M|100/100|[from] U-turn\n|-damage|p2a: Gastrodon|94/100|[from] Stealth Rock\n|move|p1a: Smiggalino|Crunch|p2a: Gastrodon\n|-damage|p2a: Gastrodon|22/100\n|\n|-weather|Sandstorm|[upkeep]\n|-end|p2a: Gastrodon|move: Future Sight\n|-damage|p2a: Gastrodon|6/100\n|-heal|p2a: Gastrodon|12/100|[from] item: Leftovers\n|upkeep\n|turn|13\n|\n|t:|1791041547\n|switch|p1a: Slowbro|Slowbro, F|100/100\n|switch|p2a: Toxapex|Toxapex, F|100/100\n|-damage|p2a: Toxapex|88/100|[from] Stealth Rock\n|\n|-weather|Sandstorm|[upkeep]\n|-damage|p2a: Toxapex|82/100|[from] Sandstorm\n|-damage|p1a: Slowbro|94/100|[from] Sandstorm\n|upkeep\n|turn|14\n|\n|t:|1791041573\n|move|p2a: Toxapex|Scald|p1a: Slowbro\n|-resisted|p1a: Slowbro\n|-damage|p1a: Slowbro|88/100\n|move|p1a: Slowbro|Future Sight|p2a: Toxapex\n|-start|p1a: Slowbro|move: Future Sight\n|\n|-weather|Sandstorm|[upkeep]\n|-damage|p2a: Toxapex|76/100|[from] Sandstorm\n|-damage|p1a: Slowbro|81/100|[from] Sandstorm\n|-sideend|p2: Garay oak|move: Light Screen\n|upkeep\n|turn|15\n|inactive|Isza has 180 seconds left.\n|\n|t:|1791041596\n|move|p2a: Toxapex|Light Screen|p2a: Toxapex\n|-sidestart|p2: Garay oak|move: Light Screen\n|move|p1a: Slowbro|Teleport|p1a: Slowbro\n|\n|t:|1791041603\n|switch|p1a: Smiggalachi|Excadrill, F|100/100|[from] Teleport\n|-damage|p1a: Smiggalachi|97/100|[from] Stealth Rock\n|\n|-weather|none\n|-heal|p1a: Smiggalachi|100/100|[from] item: Leftovers\n|upkeep\n|turn|16\n|\n|t:|1791041608\n|switch|p2a: Corviknight|Corviknight, M|100/100\n|-damage|p2a: Corviknight|88/100|[from] Stealth Rock\n|-ability|p2a: Corviknight|Pressure\n|move|p1a: Smiggalachi|Earthquake|p2a: Corviknight\n|-immune|p2a: Corviknight\n|\n|-end|p2a: Corviknight|move: Future Sight\n|-resisted|p2a: Corviknight\n|-damage|p2a: Corviknight|80/100\n|-heal|p2a: Corviknight|86/100|[from] item: Leftovers\n|upkeep\n|turn|17\n|\n|t:|1791041623\n|switch|p1a: Slowbro|Slowbro, F|100/100\n|move|p2a: Corviknight|U-turn|p1a: Slowbro\n|-supereffective|p1a: Slowbro\n|-damage|p1a: Slowbro|82/100\n|\n|t:|1791041628\n|switch|p2a: Tornadus|Tornadus-Therian, M|100/100|[from] U-turn\n|-damage|p2a: Tornadus|76/100|[from] Stealth Rock\n|\n|upkeep\n|turn|18\n|\n|t:|1791041641\n|move|p2a: Tornadus|Knock Off|p1a: Slowbro\n|-supereffective|p1a: Slowbro\n|-damage|p1a: Slowbro|55/100\n|-enditem|p1a: Slowbro|Heavy-Duty Boots|[from] move: Knock Off|[of] p2a: Tornadus\n|move|p1a: Slowbro|Future Sight|p2a: Tornadus\n|-start|p1a: Slowbro|move: Future Sight\n|\n|upkeep\n|turn|19\n|\n|t:|1791041648\n|switch|p1a: Smiggalachi|Excadrill, F|100/100\n|-damage|p1a: Smiggalachi|97/100|[from] Stealth Rock\n|move|p2a: Tornadus|U-turn|p1a: Smiggalachi\n|-resisted|p1a: Smiggalachi\n|-damage|p1a: Smiggalachi|87/100\n|\n|t:|1791041652\n|switch|p2a: Corviknight|Corviknight, M|86/100|[from] U-turn\n|-damage|p2a: Corviknight|73/100|[from] Stealth Rock\n|-ability|p2a: Corviknight|Pressure\n|\n|-heal|p1a: Smiggalachi|93/100|[from] item: Leftovers\n|-heal|p2a: Corviknight|79/100|[from] item: Leftovers\n|-sideend|p2: Garay oak|move: Light Screen\n|upkeep\n|turn|20\n|\n|t:|1791041661\n|move|p1a: Smiggalachi|Swords Dance|p1a: Smiggalachi\n|-boost|p1a: Smiggalachi|atk|2\n|move|p2a: Corviknight|U-turn|p1a: Smiggalachi\n|-resisted|p1a: Smiggalachi\n|-damage|p1a: Smiggalachi|84/100\n|\n|t:|1791041667\n|switch|p2a: Tornadus|Tornadus-Therian, M|100/100|[from] U-turn\n|-damage|p2a: Tornadus|76/100|[from] Stealth Rock\n|\n|-end|p2a: Tornadus|move: Future Sight\n|-damage|p2a: Tornadus|32/100\n|-heal|p1a: Smiggalachi|90/100|[from] item: Leftovers\n|upkeep\n|turn|21\n|inactive|Isza has 210 seconds left.\n|\n|t:|1791041681\n|move|p2a: Tornadus|U-turn|p1a: Smiggalachi\n|-resisted|p1a: Smiggalachi\n|-damage|p1a: Smiggalachi|79/100\n|\n|t:|1791041692\n|switch|p2a: Buzzwole|Buzzwole|100/100|[from] U-turn\n|move|p1a: Smiggalachi|Rock Slide|p2a: Buzzwole\n|-damage|p2a: Buzzwole|64/100\n|\n|-heal|p1a: Smiggalachi|85/100|[from] item: Leftovers\n|upkeep\n|turn|22\n|\n|t:|1791041698\n|move|p1a: Smiggalachi|Iron Head|p2a: Buzzwole\n|-damage|p2a: Buzzwole|3/100\n|cant|p2a: Buzzwole|flinch\n|\n|-heal|p1a: Smiggalachi|91/100|[from] item: Leftovers\n|upkeep\n|turn|23\n|inactive|Garay oak has 270 seconds left.\n|inactive|Garay oak has 240 seconds left.\n|inactive|Isza has 210 seconds left.\n|inactive|Garay oak has 210 seconds left.\n|inactive|Isza disconnected and has 295 seconds to reconnect!\n|player|p1|\n|inactive|Isza reconnected and has 195 seconds left.\n|player|p1|Isza|#scl5foxes|\n|inactive|Isza has 180 seconds left.\n|inactive|Garay oak has 180 seconds left.\n|c|\u2606Garay oak|we really gambling on a 30% on turn 22\n|c|\u2606Garay oak|gg\n|-message|Garay oak forfeited.\n|\n|win|Isza\n", "uploadtime": 1791041824, "views": "137", "formatid": "gen8ou", "rating": null, "private": 0, "password": null}