{"id": "smogtours-gen8ou-976462", "format": "[Gen 8] OU", "players": ["Zerotti", "Girls See Ghosts"], "log": "|inactive|Battle timer is ON: inactive players will automatically lose when time's up.\n|t:|1791069997\n|gametype|singles\n|player|p1|Zerotti|#dwcopiv|\n|player|p2|Girls See Ghosts|#roaplxiichompions|\n|gen|8\n|tier|[Gen 8] OU\n|rule|HP Percentage Mod: HP is shown in percentages\n|rule|Endless Battle Clause: Forcing endless battles is banned\n|rule|Sleep Clause Mod: Limit one foe put to sleep\n|rule|Species Clause: Limit one of each Pok\u00e9mon\n|rule|OHKO Clause: OHKO moves are banned\n|rule|Evasion Items Clause: Evasion items are banned\n|rule|Evasion Moves Clause: Evasion moves are banned\n|rule|Dynamax Clause: You cannot dynamax\n|clearpoke\n|poke|p1|Garchomp, F|\n|poke|p1|Ferrothorn, F|\n|poke|p1|Clefable, M|\n|poke|p1|Rotom-Wash|\n|poke|p1|Tornadus-Therian, M|\n|poke|p1|Weavile, F|\n|poke|p2|Dragapult, F|\n|poke|p2|Urshifu-*, M|\n|poke|p2|Tapu Lele|\n|poke|p2|Landorus-Therian, M|\n|poke|p2|Zapdos|\n|poke|p2|Melmetal|\n|teampreview\n|c|\u2606Girls See Ghosts|glhf\n|inactive|Zerotti has 270 seconds left.\n|inactive|Girls See Ghosts has 270 seconds left.\n|\n|t:|1791070053\n|teamsize|p1|6\n|teamsize|p2|6\n|start\n|switch|p1a: Rotom|Rotom-Wash|100/100\n|switch|p2a: Zapdos|Zapdos|100/100\n|turn|1\n|\n|t:|1791070067\n|move|p2a: Zapdos|Volt Switch|p1a: Rotom\n|-damage|p1a: Rotom|72/100\n|\n|t:|1791070082\n|switch|p2a: Melmetal|Melmetal|100/100|[from] Volt Switch\n|move|p1a: Rotom|Thunder Wave|p2a: Melmetal\n|-status|p2a: Melmetal|par\n|\n|-heal|p1a: Rotom|78/100|[from] item: Leftovers\n|upkeep\n|turn|2\n|inactive|Girls See Ghosts has 270 seconds left.\n|inactive|Girls See Ghosts has 240 seconds left.\n|\n|t:|1791070153\n|switch|p2a: Landorus|Landorus-Therian, M|100/100\n|-ability|p2a: Landorus|Intimidate|boost\n|-unboost|p1a: Rotom|atk|1\n|move|p1a: Rotom|Volt Switch|p2a: Landorus\n|-immune|p2a: Landorus\n|\n|-heal|p1a: Rotom|84/100|[from] item: Leftovers\n|upkeep\n|turn|3\n|\n|t:|1791070165\n|switch|p2a: Dragapult|Dragapult, F|100/100\n|move|p1a: Rotom|Hydro Pump|p2a: Dragapult\n|-resisted|p2a: Dragapult\n|-damage|p2a: Dragapult|75/100\n|\n|-heal|p1a: Rotom|90/100|[from] item: Leftovers\n|upkeep\n|turn|4\n|inactive|Girls See Ghosts has 210 seconds left.\n|\n|t:|1791070200\n|move|p2a: Dragapult|U-turn|p1a: Rotom\n|-damage|p1a: Rotom|71/100\n|inactive|Girls See Ghosts has 210 seconds left.\n|\n|t:|1791070205\n|switch|p2a: Melmetal|Melmetal|100/100 par|[from] U-turn\n|move|p1a: Rotom|Thunder Wave|p2a: Melmetal\n|-fail|p2a: Melmetal|par\n|\n|-heal|p1a: Rotom|77/100|[from] item: Leftovers\n|upkeep\n|turn|5\n|\n|t:|1791070214\n|move|p1a: Rotom|Volt Switch|p2a: Melmetal\n|-damage|p2a: Melmetal|77/100 par\n|\n|t:|1791070219\n|switch|p1a: Ferrothorn|Ferrothorn, F, shiny|100/100|[from] Volt Switch\n|move|p2a: Melmetal|Earthquake|p1a: Ferrothorn\n|-damage|p1a: Ferrothorn|75/100\n|\n|-heal|p1a: Ferrothorn|81/100|[from] item: Leftovers\n|-heal|p2a: Melmetal|84/100 par|[from] item: Leftovers\n|upkeep\n|turn|6\n|\n|t:|1791070235\n|switch|p2a: Zapdos|Zapdos|100/100\n|move|p1a: Ferrothorn|Spikes|p2a: Zapdos\n|-sidestart|p2: Girls See Ghosts|Spikes\n|\n|-heal|p1a: Ferrothorn|87/100|[from] item: Leftovers\n|upkeep\n|turn|7\n|\n|t:|1791070244\n|switch|p1a: Rotom|Rotom-Wash|77/100\n|move|p2a: Zapdos|Volt Switch|p1a: Rotom\n|-crit|p1a: Rotom\n|-damage|p1a: Rotom|36/100\n|inactive|Girls See Ghosts has 210 seconds left.\n|\n|t:|1791070265\n|switch|p2a: Dragapult|Dragapult, F|75/100|[from] Volt Switch\n|-damage|p2a: Dragapult|62/100|[from] Spikes\n|\n|-heal|p1a: Rotom|42/100|[from] item: Leftovers\n|upkeep\n|turn|8\n|\n|t:|1791070278\n|move|p2a: Dragapult|Shadow Ball|p1a: Rotom\n|-damage|p1a: Rotom|0 fnt\n|faint|p1a: Rotom\n|\n|upkeep\n|\n|t:|1791070289\n|switch|p1a: Weavile|Weavile, F|100/100\n|-ability|p1a: Weavile|Pressure\n|turn|9\n|inactive|Girls See Ghosts has 210 seconds left.\n|\n|t:|1791070317\n|switch|p2a: Zapdos|Zapdos|100/100\n|move|p1a: Weavile|Knock Off|p2a: Zapdos\n|-damage|p2a: Zapdos|16/100\n|-enditem|p2a: Zapdos|Heavy-Duty Boots|[from] move: Knock Off|[of] p1a: Weavile\n|\n|upkeep\n|turn|10\n|inactive|Girls See Ghosts has 210 seconds left.\n|\n|t:|1791070341\n|move|p1a: Weavile|Knock Off|p2a: Zapdos\n|-damage|p2a: Zapdos|0 fnt\n|-status|p1a: Weavile|par|[from] ability: Static|[of] p2a: Zapdos\n|faint|p2a: Zapdos\n|\n|upkeep\n|inactive|Girls See Ghosts has 180 seconds left.\n|inactive|Girls See Ghosts has 150 seconds left.\n|inactive|Girls See Ghosts has 120 seconds left.\n|\n|t:|1791070432\n|switch|p2a: Urshifu|Urshifu-Rapid-Strike, M|100/100\n|-damage|p2a: Urshifu|88/100|[from] Spikes\n|turn|11\n|\n|t:|1791070436\n|switch|p1a: Tornadus|Tornadus-Therian, M, shiny|100/100\n|move|p2a: Urshifu|Close Combat|p1a: Tornadus\n|-resisted|p1a: Tornadus\n|-damage|p1a: Tornadus|50/100\n|-unboost|p2a: Urshifu|def|1\n|-unboost|p2a: Urshifu|spd|1\n|\n|upkeep\n|turn|12\n|\n|t:|1791070454\n|switch|p2a: Melmetal|Melmetal|84/100 par\n|-damage|p2a: Melmetal|71/100 par|[from] Spikes\n|move|p1a: Tornadus|U-turn|p2a: Melmetal\n|-resisted|p2a: Melmetal\n|-damage|p2a: Melmetal|67/100 par\n|\n|t:|1791070463\n|switch|p1a: Ferrothorn|Ferrothorn, F, shiny|87/100|[from] U-turn\n|\n|-heal|p1a: Ferrothorn|94/100|[from] item: Leftovers\n|-heal|p2a: Melmetal|73/100 par|[from] item: Leftovers\n|upkeep\n|turn|13\n|\n|t:|1791070483\n|switch|p2a: Dragapult|Dragapult, F|62/100\n|-damage|p2a: Dragapult|50/100|[from] Spikes\n|move|p1a: Ferrothorn|Knock Off|p2a: Dragapult\n|-supereffective|p2a: Dragapult\n|-damage|p2a: Dragapult|0 fnt\n|-enditem|p2a: Dragapult|Choice Specs|[from] move: Knock Off|[of] p1a: Ferrothorn\n|faint|p2a: Dragapult\n|\n|-heal|p1a: Ferrothorn|99/100|[from] item: Leftovers\n|upkeep\n|inactive|Girls See Ghosts has 120 seconds left.\n|\n|t:|1791070508\n|switch|p2a: Urshifu|Urshifu-Rapid-Strike, M|88/100\n|-damage|p2a: Urshifu|76/100|[from] Spikes\n|turn|14\n|\n|t:|1791070521\n|switch|p1a: Tornadus|Tornadus-Therian, M, shiny|84/100\n|move|p2a: Urshifu|Surging Strikes|p1a: Tornadus\n|-crit|p1a: Tornadus\n|-damage|p1a: Tornadus|48/100\n|-crit|p1a: Tornadus\n|-damage|p1a: Tornadus|12/100\n|-crit|p1a: Tornadus\n|-damage|p1a: Tornadus|0 fnt\n|faint|p1a: Tornadus\n|-hitcount|p1: Tornadus|3\n|\n|upkeep\n|\n|t:|1791070530\n|switch|p1a: Ferrothorn|Ferrothorn, F, shiny|99/100\n|turn|15\n|\n|t:|1791070539\n|switch|p2a: Landorus|Landorus-Therian, M|100/100\n|-ability|p2a: Landorus|Intimidate|boost\n|-unboost|p1a: Ferrothorn|atk|1\n|move|p1a: Ferrothorn|Spikes|p2a: Landorus\n|-sidestart|p2: Girls See Ghosts|Spikes\n|\n|-heal|p1a: Ferrothorn|100/100|[from] item: Leftovers\n|upkeep\n|turn|16\n|inactive|Girls See Ghosts has 120 seconds left.\n|\n|t:|1791070571\n|move|p2a: Landorus|Earthquake|p1a: Ferrothorn\n|-damage|p1a: Ferrothorn|73/100\n|move|p1a: Ferrothorn|Leech Seed|p2a: Landorus\n|-start|p2a: Landorus|move: Leech Seed\n|\n|-heal|p1a: Ferrothorn|79/100|[from] item: Leftovers\n|-damage|p2a: Landorus|88/100|[from] Leech Seed|[of] p1a: Ferrothorn\n|-heal|p1a: Ferrothorn|93/100|[silent]\n|upkeep\n|turn|17\n|\n|t:|1791070577\n|move|p2a: Landorus|Knock Off|p1a: Ferrothorn\n|-damage|p1a: Ferrothorn|75/100\n|-damage|p2a: Landorus|76/100|[from] ability: Iron Barbs|[of] p1a: Ferrothorn\n|-enditem|p1a: Ferrothorn|Leftovers|[from] move: Knock Off|[of] p2a: Landorus\n|move|p1a: Ferrothorn|Knock Off|p2a: Landorus\n|-damage|p2a: Landorus|61/100\n|-enditem|p2a: Landorus|Leftovers|[from] move: Knock Off|[of] p1a: Ferrothorn\n|\n|-damage|p2a: Landorus|48/100|[from] Leech Seed|[of] p1a: Ferrothorn\n|-heal|p1a: Ferrothorn|89/100|[silent]\n|upkeep\n|turn|18\n|inactive|Girls See Ghosts has 120 seconds left.\n|\n|t:|1791070587\n|switch|p2a: Melmetal|Melmetal|73/100 par\n|-damage|p2a: Melmetal|57/100 par|[from] Spikes\n|move|p1a: Ferrothorn|Knock Off|p2a: Melmetal\n|-damage|p2a: Melmetal|49/100 par\n|-enditem|p2a: Melmetal|Leftovers|[from] move: Knock Off|[of] p1a: Ferrothorn\n|\n|upkeep\n|turn|19\n|\n|t:|1791070590\n|move|p1a: Ferrothorn|Spikes|p2a: Melmetal\n|-sidestart|p2: Girls See Ghosts|Spikes\n|move|p2a: Melmetal|Earthquake|p1a: Ferrothorn\n|-damage|p1a: Ferrothorn|64/100\n|\n|upkeep\n|turn|20\n|\n|t:|1791070593\n|move|p1a: Ferrothorn|Leech Seed|p2a: Melmetal\n|-start|p2a: Melmetal|move: Leech Seed\n|cant|p2a: Melmetal|par\n|\n|-damage|p2a: Melmetal|36/100 par|[from] Leech Seed|[of] p1a: Ferrothorn\n|-heal|p1a: Ferrothorn|79/100|[silent]\n|upkeep\n|turn|21\n|\n|t:|1791070597\n|switch|p2a: Landorus|Landorus-Therian, M|48/100\n|-ability|p2a: Landorus|Intimidate|boost\n|-unboost|p1a: Ferrothorn|atk|1\n|move|p1a: Ferrothorn|Body Press|p2a: Landorus\n|-resisted|p2a: Landorus\n|-damage|p2a: Landorus|34/100\n|\n|upkeep\n|turn|22\n|\n|t:|1791070601\n|move|p2a: Landorus|Earthquake|p1a: Ferrothorn\n|-damage|p1a: Ferrothorn|51/100\n|move|p1a: Ferrothorn|Leech Seed|p2a: Landorus\n|-start|p2a: Landorus|move: Leech Seed\n|\n|-damage|p2a: Landorus|22/100|[from] Leech Seed|[of] p1a: Ferrothorn\n|-heal|p1a: Ferrothorn|64/100|[silent]\n|upkeep\n|turn|23\n|\n|t:|1791070608\n|switch|p2a: Melmetal|Melmetal|36/100 par\n|-damage|p2a: Melmetal|11/100 par|[from] Spikes\n|move|p1a: Ferrothorn|Knock Off|p2a: Melmetal\n|-damage|p2a: Melmetal|7/100 par\n|\n|upkeep\n|turn|24\n|\n|t:|1791070612\n|move|p1a: Ferrothorn|Body Press|p2a: Melmetal\n|-supereffective|p2a: Melmetal\n|-crit|p2a: Melmetal\n|-damage|p2a: Melmetal|0 fnt\n|faint|p2a: Melmetal\n|\n|upkeep\n|\n|t:|1791070618\n|switch|p2a: Landorus|Landorus-Therian, M|22/100\n|-ability|p2a: Landorus|Intimidate|boost\n|-unboost|p1a: Ferrothorn|atk|1\n|turn|25\n|\n|t:|1791070628\n|switch|p1a: Garchomp|Garchomp, F|100/100\n|move|p2a: Landorus|Earthquake|p1a: Garchomp\n|-damage|p1a: Garchomp|53/100\n|\n|-heal|p1a: Garchomp|59/100|[from] item: Leftovers\n|upkeep\n|turn|26\n|inactive|Girls See Ghosts has 180 seconds left.\n|\n|t:|1791070645\n|switch|p2a: Tapu Lele|Tapu Lele|100/100\n|-damage|p2a: Tapu Lele|76/100|[from] Spikes\n|-fieldstart|move: Psychic Terrain|[from] ability: Psychic Surge|[of] p2a: Tapu Lele\n|move|p1a: Garchomp|Stealth Rock|p2a: Tapu Lele\n|-sidestart|p2: Girls See Ghosts|move: Stealth Rock\n|\n|-heal|p1a: Garchomp|65/100|[from] item: Leftovers\n|upkeep\n|turn|27\n|inactive|Girls See Ghosts has 180 seconds left.\n|\n|t:|1791070673\n|switch|p1a: Ferrothorn|Ferrothorn, F, shiny|64/100\n|move|p2a: Tapu Lele|Moonblast|p1a: Ferrothorn\n|-resisted|p1a: Ferrothorn\n|-damage|p1a: Ferrothorn|43/100\n|\n|upkeep\n|turn|28\n|\n|t:|1791070687\n|move|p2a: Tapu Lele|Moonblast|p1a: Ferrothorn\n|-resisted|p1a: Ferrothorn\n|-damage|p1a: Ferrothorn|19/100\n|move|p1a: Ferrothorn|Knock Off|p2a: Tapu Lele\n|-damage|p2a: Tapu Lele|41/100\n|-enditem|p2a: Tapu Lele|Choice Scarf|[from] move: Knock Off|[of] p1a: Ferrothorn\n|\n|upkeep\n|turn|29\n|\n|t:|1791070712\n|switch|p1a: Weavile|Weavile, F|100/100 par\n|-ability|p1a: Weavile|Pressure\n|move|p2a: Tapu Lele|Moonblast|p1a: Weavile\n|-supereffective|p1a: Weavile\n|-damage|p1a: Weavile|0 fnt\n|faint|p1a: Weavile\n|\n|upkeep\n|\n|t:|1791070714\n|switch|p1a: Garchomp|Garchomp, F|65/100\n|turn|30\n|inactive|Girls See Ghosts has 180 seconds left.\n|\n|t:|1791070744\n|switch|p2a: Landorus|Landorus-Therian, M|22/100\n|-damage|p2a: Landorus|10/100|[from] Stealth Rock\n|-ability|p2a: Landorus|Intimidate|boost\n|-unboost|p1a: Garchomp|atk|1\n|move|p1a: Garchomp|Earthquake|p2a: Landorus\n|-immune|p2a: Landorus\n|\n|-heal|p1a: Garchomp|72/100|[from] item: Leftovers\n|-fieldend|move: Psychic Terrain\n|upkeep\n|turn|31\n|\n|t:|1791070750\n|move|p1a: Garchomp|Scale Shot|p2a: Landorus\n|-damage|p2a: Landorus|1/100\n|-damage|p2a: Landorus|0 fnt\n|faint|p2a: Landorus\n|-hitcount|p2: Landorus|2\n|-unboost|p1a: Garchomp|def|1\n|-boost|p1a: Garchomp|spe|1\n|\n|-heal|p1a: Garchomp|78/100|[from] item: Leftovers\n|upkeep\n|\n|t:|1791070756\n|switch|p2a: Urshifu|Urshifu-Rapid-Strike, M|76/100\n|-damage|p2a: Urshifu|51/100|[from] Spikes\n|-damage|p2a: Urshifu|45/100|[from] Stealth Rock\n|turn|32\n|\n|t:|1791070769\n|switch|p1a: Ferrothorn|Ferrothorn, F, shiny|19/100\n|move|p2a: Urshifu|Close Combat|p1a: Ferrothorn\n|-supereffective|p1a: Ferrothorn\n|-damage|p1a: Ferrothorn|0 fnt\n|-unboost|p2a: Urshifu|def|1\n|-unboost|p2a: Urshifu|spd|1\n|-damage|p2a: Urshifu|32/100|[from] ability: Iron Barbs|[of] p1a: Ferrothorn\n|faint|p1a: Ferrothorn\n|\n|upkeep\n|\n|t:|1791070777\n|switch|p1a: Garchomp|Garchomp, F|78/100\n|turn|33\n|\n|t:|1791070781\n|move|p1a: Garchomp|Earthquake|p2a: Urshifu\n|-crit|p2a: Urshifu\n|-damage|p2a: Urshifu|0 fnt\n|faint|p2a: Urshifu\n|\n|-heal|p1a: Garchomp|84/100|[from] item: Leftovers\n|upkeep\n|\n|t:|1791070783\n|switch|p2a: Tapu Lele|Tapu Lele|41/100\n|-damage|p2a: Tapu Lele|16/100|[from] Spikes\n|-damage|p2a: Tapu Lele|3/100|[from] Stealth Rock\n|-fieldstart|move: Psychic Terrain|[from] ability: Psychic Surge|[of] p2a: Tapu Lele\n|turn|34\n|\n|t:|1791070787\n|move|p1a: Garchomp|Earthquake|p2a: Tapu Lele\n|-damage|p2a: Tapu Lele|0 fnt\n|faint|p2a: Tapu Lele\n|\n|win|Zerotti\n|c|\u2606Girls See Ghosts|gg\n|c|\u2606Zerotti|gg\n", "uploadtime": 1791070787, "views": "49", "formatid": "gen8ou", "rating": null, "private": 0, "password": null}