{"id": "smogtours-gen8ou-974682", "format": "[Gen 8] OU", "players": ["JustOut459", "sillyguy5"], "log": "|inactive|Battle timer is ON: inactive players will automatically lose when time's up.\n|t:|1790460157\n|gametype|singles\n|player|p1|JustOut459|parasollady|\n|player|p2|sillyguy5|lucas|\n|gen|8\n|tier|[Gen 8] OU\n|rule|HP Percentage Mod: HP is shown in percentages\n|rule|Endless Battle Clause: Forcing endless battles is banned\n|rule|Sleep Clause Mod: Limit one foe put to sleep\n|rule|Species Clause: Limit one of each Pok\u00e9mon\n|rule|OHKO Clause: OHKO moves are banned\n|rule|Evasion Items Clause: Evasion items are banned\n|rule|Evasion Moves Clause: Evasion moves are banned\n|rule|Dynamax Clause: You cannot dynamax\n|clearpoke\n|poke|p1|Zapdos|\n|poke|p1|Urshifu-*, M|\n|poke|p1|Melmetal|\n|poke|p1|Landorus-Therian, M|\n|poke|p1|Tapu Lele|\n|poke|p1|Dragapult, F|\n|poke|p2|Melmetal|\n|poke|p2|Weavile, F|\n|poke|p2|Tapu Lele|\n|poke|p2|Urshifu-*, F|\n|poke|p2|Garchomp, M|\n|poke|p2|Zapdos|\n|teampreview\n|c|\u2606JustOut459|Glhf\n|c|\u2606sillyguy5|u2\n|inactive|JustOut459 has 270 seconds left.\n|inactive|JustOut459 has 240 seconds left.\n|c|+helicopyer|2 noobs\n|c|+paysa|hey justout\n|inactive|JustOut459 has 210 seconds left.\n|c|\u2606JustOut459|Hey man\n|inactive|JustOut459 has 180 seconds left.\n|inactive|JustOut459 has 150 seconds left.\n|\n|t:|1790460334\n|teamsize|p1|6\n|teamsize|p2|6\n|start\n|switch|p1a: Dragapult|Dragapult, F|100/100\n|switch|p2a: Tapu Lele|Tapu Lele|100/100\n|-fieldstart|move: Psychic Terrain|[from] ability: Psychic Surge|[of] p2a: Tapu Lele\n|turn|1\n|inactive|JustOut459 has 180 seconds left.\n|\n|t:|1790460357\n|switch|p1a: Melmetal|Melmetal|100/100\n|move|p2a: Tapu Lele|Moonblast|p1a: Melmetal\n|-resisted|p1a: Melmetal\n|-damage|p1a: Melmetal|61/100\n|-unboost|p1a: Melmetal|spa|1\n|\n|-heal|p1a: Melmetal|68/100|[from] item: Leftovers\n|upkeep\n|turn|2\n|inactive|JustOut459 has 180 seconds left.\n|\n|t:|1790460374\n|switch|p2a: Melmetal|Melmetal|100/100\n|move|p1a: Melmetal|Toxic|p2a: Melmetal\n|-immune|p2a: Melmetal\n|\n|-heal|p1a: Melmetal|74/100|[from] item: Leftovers\n|upkeep\n|turn|3\n|inactive|JustOut459 has 180 seconds left.\n|\n|t:|1790460382\n|move|p1a: Melmetal|Protect|p1a: Melmetal\n|-singleturn|p1a: Melmetal|Protect\n|move|p2a: Melmetal|Double Iron Bash|p1a: Melmetal\n|-activate|p1a: Melmetal|move: Protect\n|\n|-heal|p1a: Melmetal|80/100|[from] item: Leftovers\n|upkeep\n|turn|4\n|inactive|JustOut459 has 180 seconds left.\n|\n|t:|1790460419\n|move|p1a: Melmetal|Earthquake|p2a: Melmetal\n|-supereffective|p2a: Melmetal\n|-crit|p2a: Melmetal\n|-damage|p2a: Melmetal|35/100\n|move|p2a: Melmetal|Earthquake|p1a: Melmetal\n|-supereffective|p1a: Melmetal\n|-damage|p1a: Melmetal|43/100\n|\n|-heal|p1a: Melmetal|49/100|[from] item: Leftovers\n|-heal|p2a: Melmetal|42/100|[from] item: Leftovers\n|upkeep\n|turn|5\n|inactive|JustOut459 has 150 seconds left.\n|inactive|JustOut459 has 120 seconds left.\n|\n|t:|1790460490\n|switch|p1a: Landorus|Landorus-Therian, M|100/100\n|-ability|p1a: Landorus|Intimidate|boost\n|-unboost|p2a: Melmetal|atk|1\n|move|p2a: Melmetal|Protect||[still]\n|-fail|p2a: Melmetal\n|\n|-heal|p2a: Melmetal|48/100|[from] item: Leftovers\n|-fieldend|move: Psychic Terrain\n|upkeep\n|turn|6\n|\n|t:|1790460503\n|move|p2a: Melmetal|Protect|p2a: Melmetal\n|-singleturn|p2a: Melmetal|Protect\n|move|p1a: Landorus|Knock Off|p2a: Melmetal\n|-activate|p2a: Melmetal|move: Protect\n|\n|-heal|p2a: Melmetal|54/100|[from] item: Leftovers\n|upkeep\n|turn|7\n|inactive|JustOut459 has 90 seconds left.\n|\n|t:|1790460526\n|switch|p2a: Weavile|Weavile, F|100/100\n|-ability|p2a: Weavile|Pressure\n|move|p1a: Landorus|Stealth Rock|p2a: Weavile\n|-sidestart|p2: sillyguy5|move: Stealth Rock\n|\n|upkeep\n|turn|8\n|inactive|JustOut459 has 90 seconds left.\n|inactive|JustOut459 has 60 seconds left.\n|\n|t:|1790460591\n|switch|p1a: Melmetal|Melmetal|49/100\n|move|p2a: Weavile|Beat Up|p1a: Melmetal\n|-damage|p1a: Melmetal|40/100\n|-damage|p1a: Melmetal|31/100\n|-damage|p1a: Melmetal|24/100\n|-damage|p1a: Melmetal|15/100\n|-damage|p1a: Melmetal|6/100\n|-damage|p1a: Melmetal|0 fnt\n|faint|p1a: Melmetal\n|-hitcount|p1: Melmetal|6\n|\n|upkeep\n|inactive|JustOut459 has 30 seconds left.\n|inactive|JustOut459 has 20 seconds left.\n|inactive|JustOut459 has 15 seconds left.\n|\n|t:|1790460617\n|switch|p1a: Tapu Lele|Tapu Lele|100/100\n|-fieldstart|move: Psychic Terrain|[from] ability: Psychic Surge|[of] p1a: Tapu Lele\n|turn|9\n|inactive|JustOut459 has 25 seconds left this turn.\n|inactive|JustOut459 has 20 seconds left.\n|inactive|JustOut459 has 15 seconds left.\n|inactive|JustOut459 has 10 seconds left.\n|\n|t:|1790460633\n|switch|p1a: Landorus|Landorus-Therian, M|100/100\n|-ability|p1a: Landorus|Intimidate|boost\n|-unboost|p2a: Weavile|atk|1\n|switch|p2a: Melmetal|Melmetal|54/100\n|-damage|p2a: Melmetal|48/100|[from] Stealth Rock\n|\n|-heal|p2a: Melmetal|54/100|[from] item: Leftovers\n|upkeep\n|turn|10\n|inactive|JustOut459 has 20 seconds left this turn.\n|inactive|JustOut459 has 15 seconds left.\n|\n|t:|1790460639\n|move|p2a: Melmetal|Protect|p2a: Melmetal\n|-singleturn|p2a: Melmetal|Protect\n|move|p1a: Landorus|Earthquake|p2a: Melmetal\n|-activate|p2a: Melmetal|move: Protect\n|\n|-heal|p2a: Melmetal|60/100|[from] item: Leftovers\n|upkeep\n|turn|11\n|inactive|JustOut459 has 25 seconds left this turn.\n|inactive|JustOut459 has 20 seconds left.\n|\n|t:|1790460648\n|switch|p2a: Zapdos|Zapdos|100/100\n|move|p1a: Landorus|U-turn|p2a: Zapdos\n|-resisted|p2a: Zapdos\n|-damage|p2a: Zapdos|89/100\n|inactive|JustOut459 has 25 seconds left this turn.\n|inactive|JustOut459 has 20 seconds left.\n|inactive|JustOut459 has 15 seconds left.\n|inactive|JustOut459 has 10 seconds left.\n|\n|t:|1790460663\n|switch|p1a: Dragapult|Dragapult, F|100/100|[from] U-turn\n|\n|upkeep\n|turn|12\n|inactive|JustOut459 has 20 seconds left this turn.\n|\n|t:|1790460676\n|switch|p2a: Weavile|Weavile, F|100/100\n|-damage|p2a: Weavile|76/100|[from] Stealth Rock\n|-ability|p2a: Weavile|Pressure\n|move|p1a: Dragapult|Shadow Ball|p2a: Weavile\n|-resisted|p2a: Weavile\n|-crit|p2a: Weavile\n|-damage|p2a: Weavile|18/100\n|\n|upkeep\n|turn|13\n|inactive|JustOut459 has 30 seconds left this turn.\n|inactive|JustOut459 has 20 seconds left.\n|inactive|JustOut459 has 15 seconds left.\n|inactive|JustOut459 has 10 seconds left.\n|\n|t:|1790460700\n|switch|p1a: Urshifu|Urshifu-Rapid-Strike, M|100/100\n|move|p2a: Weavile|Knock Off|p1a: Urshifu\n|-resisted|p1a: Urshifu\n|-damage|p1a: Urshifu|62/100\n|-enditem|p1a: Urshifu|Choice Band|[from] move: Knock Off|[of] p2a: Weavile\n|\n|-fieldend|move: Psychic Terrain\n|upkeep\n|turn|14\n|inactive|JustOut459 has 20 seconds left this turn.\n|inactive|JustOut459 has 15 seconds left.\n|\n|t:|1790460708\n|switch|p2a: Zapdos|Zapdos|89/100\n|move|p1a: Urshifu|U-turn|p2a: Zapdos\n|-resisted|p2a: Zapdos\n|-damage|p2a: Zapdos|75/100\n|inactive|JustOut459 has 20 seconds left this turn.\n|inactive|JustOut459 has 15 seconds left.\n|inactive|JustOut459 has 10 seconds left.\n|\n|t:|1790460721\n|switch|p1a: Dragapult|Dragapult, F|100/100|[from] U-turn\n|\n|upkeep\n|turn|15\n|inactive|JustOut459 has 20 seconds left this turn.\n|inactive|JustOut459 has 15 seconds left.\n|inactive|JustOut459 has 10 seconds left.\n|\n|t:|1790460734\n|move|p1a: Dragapult|Draco Meteor|p2a: Zapdos\n|-damage|p2a: Zapdos|0 fnt\n|-unboost|p1a: Dragapult|spa|2\n|faint|p2a: Zapdos\n|\n|upkeep\n|\n|t:|1790460739\n|switch|p2a: Tapu Lele|Tapu Lele|100/100\n|-damage|p2a: Tapu Lele|88/100|[from] Stealth Rock\n|-fieldstart|move: Psychic Terrain|[from] ability: Psychic Surge|[of] p2a: Tapu Lele\n|turn|16\n|inactive|JustOut459 has 25 seconds left this turn.\n|inactive|JustOut459 has 20 seconds left.\n|inactive|JustOut459 has 15 seconds left.\n|inactive|JustOut459 has 10 seconds left.\n|\n|t:|1790460758\n|switch|p1a: Urshifu|Urshifu-Rapid-Strike, M|62/100\n|move|p2a: Tapu Lele|Moonblast|p1a: Urshifu\n|-supereffective|p1a: Urshifu\n|-damage|p1a: Urshifu|0 fnt\n|faint|p1a: Urshifu\n|\n|upkeep\n|inactive|JustOut459 has 15 seconds left this turn.\n|inactive|JustOut459 has 10 seconds left.\n|\n|t:|1790460767\n|switch|p1a: Dragapult|Dragapult, F|100/100\n|turn|17\n|inactive|JustOut459 has 20 seconds left this turn.\n|\n|t:|1790460770\n|switch|p2a: Weavile|Weavile, F|18/100\n|-damage|p2a: Weavile|0 fnt|[from] Stealth Rock\n|faint|p2a: Weavile\n|move|p1a: Dragapult|Shadow Ball|p2: Weavile|[notarget]\n|-fail|p1a: Dragapult\n|\n|upkeep\n|\n|t:|1790460791\n|switch|p2a: Melmetal|Melmetal|60/100\n|-damage|p2a: Melmetal|54/100|[from] Stealth Rock\n|turn|18\n|inactive|JustOut459 has 30 seconds left.\n|\n|t:|1790460801\n|switch|p1a: Zapdos|Zapdos|100/100\n|move|p2a: Melmetal|Toxic|p1a: Zapdos|[miss]\n|-miss|p2a: Melmetal|p1a: Zapdos\n|\n|-heal|p2a: Melmetal|60/100|[from] item: Leftovers\n|upkeep\n|turn|19\n|\n|t:|1790460809\n|move|p2a: Melmetal|Protect|p2a: Melmetal\n|-singleturn|p2a: Melmetal|Protect\n|move|p1a: Zapdos|Heat Wave|p2a: Melmetal\n|-activate|p2a: Melmetal|move: Protect\n|\n|-heal|p2a: Melmetal|67/100|[from] item: Leftovers\n|upkeep\n|turn|20\n|inactive|JustOut459 has 30 seconds left.\n|inactive|JustOut459 has 20 seconds left.\n|\n|t:|1790460838\n|move|p1a: Zapdos|Hurricane|p2a: Melmetal\n|-resisted|p2a: Melmetal\n|-damage|p2a: Melmetal|45/100\n|-start|p2a: Melmetal|confusion\n|-activate|p2a: Melmetal|confusion\n|move|p2a: Melmetal|Toxic|p1a: Zapdos|[miss]\n|-miss|p2a: Melmetal|p1a: Zapdos\n|\n|-heal|p2a: Melmetal|52/100|[from] item: Leftovers\n|-fieldend|move: Psychic Terrain\n|upkeep\n|turn|21\n|inactive|JustOut459 has 30 seconds left this turn.\n|c|\u2606sillyguy5|wrap\n|inactive|JustOut459 has 20 seconds left.\n|inactive|JustOut459 has 15 seconds left.\n|c|+helicopyer|mb\n|inactive|JustOut459 has 10 seconds left.\n|\n|t:|1790460861\n|-activate|p2a: Melmetal|confusion\n|-damage|p2a: Melmetal|44/100|[from] confusion\n|move|p1a: Zapdos|Heat Wave|p2a: Melmetal\n|-supereffective|p2a: Melmetal\n|-damage|p2a: Melmetal|1/100\n|\n|-heal|p2a: Melmetal|8/100|[from] item: Leftovers\n|upkeep\n|turn|22\n|inactive|JustOut459 has 20 seconds left this turn.\n|inactive|JustOut459 has 15 seconds left.\n|\n|t:|1790460874\n|-end|p2a: Melmetal|confusion\n|move|p2a: Melmetal|Protect|p2a: Melmetal\n|-singleturn|p2a: Melmetal|Protect\n|move|p1a: Zapdos|Heat Wave|p2a: Melmetal\n|-activate|p2a: Melmetal|move: Protect\n|\n|-heal|p2a: Melmetal|14/100|[from] item: Leftovers\n|upkeep\n|turn|23\n|inactive|JustOut459 has 25 seconds left this turn.\n|inactive|JustOut459 has 20 seconds left.\n|\n|t:|1790460882\n|switch|p2a: Garchomp|Garchomp, M|100/100\n|-damage|p2a: Garchomp|94/100|[from] Stealth Rock\n|move|p1a: Zapdos|Heat Wave|p2a: Garchomp\n|-resisted|p2a: Garchomp\n|-damage|p2a: Garchomp|76/100\n|\n|-heal|p2a: Garchomp|82/100|[from] item: Leftovers\n|upkeep\n|turn|24\n|inactive|JustOut459 has 30 seconds left this turn.\n|inactive|JustOut459 has 20 seconds left.\n|inactive|JustOut459 has 15 seconds left.\n|inactive|JustOut459 has 10 seconds left.\n|inactive|JustOut459 has 5 seconds left.\n|\n|t:|1790460909\n|switch|p2a: Tapu Lele|Tapu Lele|88/100\n|-damage|p2a: Tapu Lele|76/100|[from] Stealth Rock\n|-fieldstart|move: Psychic Terrain|[from] ability: Psychic Surge|[of] p2a: Tapu Lele\n|switch|p1a: Tapu Lele|Tapu Lele|100/100\n|\n|upkeep\n|turn|25\n|inactive|JustOut459 has 15 seconds left this turn.\n|inactive|JustOut459 has 10 seconds left.\n|inactive|JustOut459 has 5 seconds left.\n|\n|t:|1790460919\n|move|p1a: Tapu Lele|Moonblast|p2a: Tapu Lele\n|-damage|p2a: Tapu Lele|20/100\n|move|p2a: Tapu Lele|Moonblast|p1a: Tapu Lele\n|-damage|p1a: Tapu Lele|18/100\n|-unboost|p1a: Tapu Lele|spa|1\n|\n|upkeep\n|turn|26\n|inactive|JustOut459 has 15 seconds left this turn.\n|inactive|JustOut459 has 10 seconds left.\n|\n|t:|1790460927\n|switch|p2a: Melmetal|Melmetal|14/100\n|-damage|p2a: Melmetal|8/100|[from] Stealth Rock\n|move|p1a: Tapu Lele|Moonblast|p2a: Melmetal\n|-resisted|p2a: Melmetal\n|-damage|p2a: Melmetal|0 fnt\n|faint|p2a: Melmetal\n|\n|upkeep\n|\n|t:|1790460929\n|switch|p2a: Urshifu|Urshifu-Rapid-Strike, F|100/100\n|-damage|p2a: Urshifu|94/100|[from] Stealth Rock\n|turn|27\n|inactive|JustOut459 has 25 seconds left this turn.\n|inactive|JustOut459 has 20 seconds left.\n|\n|t:|1790460934\n|switch|p1a: Zapdos|Zapdos|100/100\n|move|p2a: Urshifu|Ice Punch|p1a: Zapdos\n|-supereffective|p1a: Zapdos\n|-damage|p1a: Zapdos|41/100\n|-status|p2a: Urshifu|par|[from] ability: Static|[of] p1a: Zapdos\n|\n|upkeep\n|turn|28\n|inactive|JustOut459 has 30 seconds left this turn.\n|c|\u2606sillyguy5|balright\n|inactive|JustOut459 has 20 seconds left.\n|\n|t:|1790460947\n|move|p1a: Zapdos|Roost|p1a: Zapdos\n|-heal|p1a: Zapdos|91/100\n|-singleturn|p1a: Zapdos|move: Roost\n|move|p2a: Urshifu|Ice Punch|p1a: Zapdos\n|-damage|p1a: Zapdos|61/100\n|-status|p1a: Zapdos|frz\n|\n|-fieldend|move: Psychic Terrain\n|upkeep\n|turn|29\n|inactive|JustOut459 has 30 seconds left this turn.\n|inactive|JustOut459 has 20 seconds left.\n|inactive|JustOut459 has 15 seconds left.\n|\n|t:|1790460964\n|switch|p1a: Dragapult|Dragapult, F|100/100\n|switch|p2a: Garchomp|Garchomp, M|82/100\n|-damage|p2a: Garchomp|76/100|[from] Stealth Rock\n|\n|-heal|p2a: Garchomp|82/100|[from] item: Leftovers\n|upkeep\n|turn|30\n|inactive|JustOut459 has 25 seconds left this turn.\n|inactive|JustOut459 has 20 seconds left.\n|\n|t:|1790460971\n|move|p1a: Dragapult|Draco Meteor|p2a: Garchomp\n|-supereffective|p2a: Garchomp\n|-damage|p2a: Garchomp|0 fnt\n|-unboost|p1a: Dragapult|spa|2\n|faint|p2a: Garchomp\n|\n|upkeep\n|c|\u2606sillyguy5|gg\n|-message|sillyguy5 forfeited.\n|\n|win|JustOut459\n|c|\u2606JustOut459|Sorry\n|c|\u2606JustOut459|gg\n|player|p2|\n", "uploadtime": 1790460976, "views": "137", "formatid": "gen8ou", "rating": null, "private": 0, "password": null}