{"id": "smogtours-gen8ou-974598", "format": "[Gen 8] OU", "players": ["dark premonitions", "Zokuru"], "log": "|inactive|Battle timer is ON: inactive players will automatically lose when time's up.\n|t:|1790449712\n|gametype|singles\n|player|p1|dark premonitions|#agwliiikyogres|\n|player|p2|Zokuru|#wcop2025france2|\n|gen|8\n|tier|[Gen 8] OU\n|rule|HP Percentage Mod: HP is shown in percentages\n|rule|Endless Battle Clause: Forcing endless battles is banned\n|rule|Sleep Clause Mod: Limit one foe put to sleep\n|rule|Species Clause: Limit one of each Pok\u00e9mon\n|rule|OHKO Clause: OHKO moves are banned\n|rule|Evasion Items Clause: Evasion items are banned\n|rule|Evasion Moves Clause: Evasion moves are banned\n|rule|Dynamax Clause: You cannot dynamax\n|clearpoke\n|poke|p1|Clefable, F|\n|poke|p1|Dragapult, M|\n|poke|p1|Excadrill, M|\n|poke|p1|Ferrothorn, M|\n|poke|p1|Tyranitar, M|\n|poke|p1|Zapdos|\n|poke|p2|Hippowdon, M|\n|poke|p2|Aegislash, F|\n|poke|p2|Toxapex, F|\n|poke|p2|Suicune|\n|poke|p2|Tornadus-Therian, M|\n|poke|p2|Clefable, F|\n|teampreview\n|c|\u2606Zokuru|hf\n|c|\u2606dark premonitions|likewise!\n|inactive|Zokuru has 270 seconds left.\n|inactive|Zokuru has 240 seconds left.\n|\n|t:|1790449788\n|teamsize|p1|6\n|teamsize|p2|6\n|start\n|switch|p1a: Dragapult|Dragapult, M|100/100\n|switch|p2a: Hippowdon|Hippowdon, M|100/100\n|-weather|Sandstorm|[from] ability: Sand Stream|[of] p2a: Hippowdon\n|turn|1\n|\n|t:|1790449807\n|move|p1a: Dragapult|U-turn|p2a: Hippowdon\n|-damage|p2a: Hippowdon|89/100\n|\n|t:|1790449812\n|switch|p1a: Ferrothorn|Ferrothorn, M|100/100|[from] U-turn\n|move|p2a: Hippowdon|Earthquake|p1a: Ferrothorn\n|-damage|p1a: Ferrothorn|78/100\n|\n|-weather|Sandstorm|[upkeep]\n|-heal|p2a: Hippowdon|95/100|[from] item: Leftovers\n|upkeep\n|turn|2\n|\n|t:|1790449819\n|move|p2a: Hippowdon|Stealth Rock|p1a: Ferrothorn\n|-sidestart|p1: dark premonitions|move: Stealth Rock\n|move|p1a: Ferrothorn|Knock Off|p2a: Hippowdon\n|-damage|p2a: Hippowdon|80/100\n|-enditem|p2a: Hippowdon|Leftovers|[from] move: Knock Off|[of] p1a: Ferrothorn\n|\n|-weather|Sandstorm|[upkeep]\n|upkeep\n|turn|3\n|\n|t:|1790449824\n|move|p2a: Hippowdon|Earthquake|p1a: Ferrothorn\n|-damage|p1a: Ferrothorn|54/100\n|move|p1a: Ferrothorn|Leech Seed|p2a: Hippowdon\n|-start|p2a: Hippowdon|move: Leech Seed\n|\n|-weather|Sandstorm|[upkeep]\n|-damage|p2a: Hippowdon|67/100|[from] Leech Seed|[of] p1a: Ferrothorn\n|-heal|p1a: Ferrothorn|69/100|[silent]\n|upkeep\n|turn|4\n|\n|t:|1790449830\n|switch|p2a: Tornadus|Tornadus-Therian, M|100/100\n|move|p1a: Ferrothorn|Knock Off|p2a: Tornadus\n|-damage|p2a: Tornadus|76/100\n|-enditem|p2a: Tornadus|Heavy-Duty Boots|[from] move: Knock Off|[of] p1a: Ferrothorn\n|\n|-weather|Sandstorm|[upkeep]\n|-damage|p2a: Tornadus|70/100|[from] Sandstorm\n|upkeep\n|turn|5\n|\n|t:|1790449845\n|switch|p2a: Hippowdon|Hippowdon, M|67/100\n|switch|p1a: Zapdos|Zapdos|100/100\n|\n|-weather|none\n|upkeep\n|turn|6\n|\n|t:|1790449861\n|switch|p1a: Ferrothorn|Ferrothorn, M|69/100\n|-damage|p1a: Ferrothorn|63/100|[from] Stealth Rock\n|move|p2a: Hippowdon|Slack Off|p2a: Hippowdon\n|-heal|p2a: Hippowdon|100/100\n|\n|upkeep\n|turn|7\n|\n|t:|1790449868\n|switch|p2a: Tornadus|Tornadus-Therian, M|100/100\n|move|p1a: Ferrothorn|Stealth Rock|p2a: Tornadus\n|-sidestart|p2: Zokuru|move: Stealth Rock\n|\n|upkeep\n|turn|8\n|\n|t:|1790449876\n|switch|p1a: Zapdos|Zapdos|100/100\n|move|p2a: Tornadus|Toxic|p1a: Zapdos\n|-status|p1a: Zapdos|tox\n|\n|-damage|p1a: Zapdos|94/100 tox|[from] psn\n|upkeep\n|turn|9\n|\n|t:|1790449882\n|switch|p2a: Hippowdon|Hippowdon, M|100/100\n|-damage|p2a: Hippowdon|94/100|[from] Stealth Rock\n|-weather|Sandstorm|[from] ability: Sand Stream|[of] p2a: Hippowdon\n|move|p1a: Zapdos|Hurricane|p2a: Hippowdon\n|-damage|p2a: Hippowdon|60/100\n|\n|-weather|Sandstorm|[upkeep]\n|-damage|p1a: Zapdos|88/100 tox|[from] Sandstorm\n|-damage|p1a: Zapdos|76/100 tox|[from] psn\n|upkeep\n|turn|10\n|\n|t:|1790449899\n|switch|p1a: Ferrothorn|Ferrothorn, M|63/100\n|-damage|p1a: Ferrothorn|57/100|[from] Stealth Rock\n|move|p2a: Hippowdon|Slack Off|p2a: Hippowdon\n|-heal|p2a: Hippowdon|100/100\n|\n|-weather|Sandstorm|[upkeep]\n|upkeep\n|turn|11\n|\n|t:|1790449907\n|switch|p2a: Toxapex|Toxapex, F|100/100\n|-damage|p2a: Toxapex|88/100|[from] Stealth Rock\n|move|p1a: Ferrothorn|Leech Seed|p2a: Toxapex\n|-start|p2a: Toxapex|move: Leech Seed\n|\n|-weather|Sandstorm|[upkeep]\n|-damage|p2a: Toxapex|82/100|[from] Sandstorm\n|-damage|p2a: Toxapex|69/100|[from] Leech Seed|[of] p1a: Ferrothorn\n|-heal|p1a: Ferrothorn|68/100|[silent]\n|upkeep\n|turn|12\n|\n|t:|1790449914\n|move|p2a: Toxapex|Scald|p1a: Ferrothorn\n|-resisted|p1a: Ferrothorn\n|-damage|p1a: Ferrothorn|62/100\n|move|p1a: Ferrothorn|Knock Off|p2a: Toxapex\n|-damage|p2a: Toxapex|52/100\n|-enditem|p2a: Toxapex|Shed Shell|[from] move: Knock Off|[of] p1a: Ferrothorn\n|\n|-weather|Sandstorm|[upkeep]\n|-damage|p2a: Toxapex|46/100|[from] Sandstorm\n|-damage|p2a: Toxapex|33/100|[from] Leech Seed|[of] p1a: Ferrothorn\n|-heal|p1a: Ferrothorn|73/100|[silent]\n|upkeep\n|turn|13\n|\n|t:|1790449926\n|switch|p2a: Hippowdon|Hippowdon, M|100/100\n|-damage|p2a: Hippowdon|94/100|[from] Stealth Rock\n|switch|p1a: Excadrill|Excadrill, M|100/100\n|-damage|p1a: Excadrill|97/100|[from] Stealth Rock\n|\n|-weather|none\n|-heal|p1a: Excadrill|100/100|[from] item: Leftovers\n|upkeep\n|turn|14\n|\n|t:|1790449941\n|switch|p1a: Ferrothorn|Ferrothorn, M|73/100\n|-damage|p1a: Ferrothorn|67/100|[from] Stealth Rock\n|move|p2a: Hippowdon|Earthquake|p1a: Ferrothorn\n|-crit|p1a: Ferrothorn\n|-damage|p1a: Ferrothorn|32/100\n|\n|upkeep\n|turn|15\n|\n|t:|1790449944\n|move|p2a: Hippowdon|Earthquake|p1a: Ferrothorn\n|-damage|p1a: Ferrothorn|6/100\n|move|p1a: Ferrothorn|Leech Seed|p2a: Hippowdon\n|-start|p2a: Hippowdon|move: Leech Seed\n|\n|-damage|p2a: Hippowdon|82/100|[from] Leech Seed|[of] p1a: Ferrothorn\n|-heal|p1a: Ferrothorn|21/100|[silent]\n|upkeep\n|turn|16\n|\n|t:|1790449951\n|switch|p2a: Tornadus|Tornadus-Therian, M|100/100\n|-damage|p2a: Tornadus|76/100|[from] Stealth Rock\n|switch|p1a: Clefable|Clefable, F|100/100\n|\n|upkeep\n|turn|17\n|\n|t:|1790449960\n|switch|p1a: Zapdos|Zapdos|76/100 tox\n|move|p2a: Tornadus|Knock Off|p1a: Zapdos\n|-damage|p1a: Zapdos|58/100 tox\n|-status|p2a: Tornadus|par|[from] ability: Static|[of] p1a: Zapdos\n|-enditem|p1a: Zapdos|Heavy-Duty Boots|[from] move: Knock Off|[of] p2a: Tornadus\n|\n|-damage|p1a: Zapdos|52/100 tox|[from] psn\n|upkeep\n|turn|18\n|\n|t:|1790449977\n|move|p1a: Zapdos|Roost|p1a: Zapdos\n|-heal|p1a: Zapdos|100/100 tox\n|-singleturn|p1a: Zapdos|move: Roost\n|move|p2a: Tornadus|Defog|p1a: Zapdos\n|-unboost|p1a: Zapdos|evasion|1\n|-sideend|p1: dark premonitions|Stealth Rock|[from] move: Defog|[of] p2a: Tornadus\n|-sideend|p2: Zokuru|Stealth Rock|[from] move: Defog|[of] p2a: Tornadus\n|\n|-damage|p1a: Zapdos|88/100 tox|[from] psn\n|upkeep\n|turn|19\n|\n|t:|1790449988\n|switch|p1a: Tyranitar|Tyranitar, M|100/100\n|-weather|Sandstorm|[from] ability: Sand Stream|[of] p1a: Tyranitar\n|move|p2a: Tornadus|Heat Wave|p1a: Tyranitar\n|-resisted|p1a: Tyranitar\n|-damage|p1a: Tyranitar|92/100\n|\n|-weather|Sandstorm|[upkeep]\n|-damage|p2a: Tornadus|69/100 par|[from] Sandstorm\n|upkeep\n|turn|20\n|\n|t:|1790450002\n|move|p1a: Tyranitar|Crunch|p2a: Tornadus\n|-damage|p2a: Tornadus|0 fnt\n|faint|p2a: Tornadus\n|\n|-weather|Sandstorm|[upkeep]\n|upkeep\n|\n|t:|1790450009\n|switch|p2a: Clefable|Clefable, F|100/100\n|turn|21\n|\n|t:|1790450023\n|switch|p1a: Excadrill|Excadrill, M|100/100\n|switch|p2a: Suicune|Suicune|100/100\n|-ability|p2a: Suicune|Pressure\n|\n|-weather|Sandstorm|[upkeep]\n|-damage|p2a: Suicune|94/100|[from] Sandstorm\n|-heal|p2a: Suicune|100/100|[from] item: Leftovers\n|upkeep\n|turn|22\n|\n|t:|1790450029\n|move|p1a: Excadrill|Swords Dance|p1a: Excadrill\n|-boost|p1a: Excadrill|atk|2\n|move|p2a: Suicune|Scald|p1a: Excadrill\n|-supereffective|p1a: Excadrill\n|-damage|p1a: Excadrill|33/100\n|-status|p1a: Excadrill|brn\n|\n|-weather|Sandstorm|[upkeep]\n|-damage|p2a: Suicune|94/100|[from] Sandstorm\n|-heal|p1a: Excadrill|40/100 brn|[from] item: Leftovers\n|-heal|p2a: Suicune|100/100|[from] item: Leftovers\n|-damage|p1a: Excadrill|33/100 brn|[from] brn\n|upkeep\n|turn|23\n|\n|t:|1790450039\n|move|p1a: Excadrill|Earthquake|p2a: Suicune\n|-damage|p2a: Suicune|63/100\n|move|p2a: Suicune|Scald|p1a: Excadrill\n|-supereffective|p1a: Excadrill\n|-damage|p1a: Excadrill|0 fnt\n|faint|p1a: Excadrill\n|\n|-weather|none\n|-heal|p2a: Suicune|69/100|[from] item: Leftovers\n|upkeep\n|\n|t:|1790450042\n|switch|p1a: Dragapult|Dragapult, M|100/100\n|turn|24\n|inactive|Zokuru has 270 seconds left.\n|\n|t:|1790450085\n|switch|p2a: Aegislash|Aegislash, F|100/100\n|move|p1a: Dragapult|Shadow Ball|p2a: Aegislash\n|-supereffective|p2a: Aegislash\n|-damage|p2a: Aegislash|26/100\n|-unboost|p2a: Aegislash|spd|1\n|\n|-heal|p2a: Aegislash|33/100|[from] item: Leftovers\n|upkeep\n|turn|25\n|\n|t:|1790450096\n|switch|p1a: Ferrothorn|Ferrothorn, M|21/100\n|move|p2a: Aegislash|King's Shield||[still]\n|-fail|p2a: Aegislash\n|\n|-heal|p2a: Aegislash|39/100|[from] item: Leftovers\n|upkeep\n|turn|26\n|\n|t:|1790450106\n|move|p2a: Aegislash|Substitute|p2a: Aegislash\n|-start|p2a: Aegislash|Substitute\n|-damage|p2a: Aegislash|14/100\n|move|p1a: Ferrothorn|Stealth Rock|p2a: Aegislash\n|-sidestart|p2: Zokuru|move: Stealth Rock\n|\n|-heal|p2a: Aegislash|20/100|[from] item: Leftovers\n|upkeep\n|turn|27\n|\n|t:|1790450132\n|switch|p1a: Zapdos|Zapdos|88/100 tox\n|-formechange|p2a: Aegislash|Aegislash-Blade||[from] ability: Stance Change\n|move|p2a: Aegislash|Shadow Ball|p1a: Zapdos\n|-damage|p1a: Zapdos|40/100 tox\n|\n|-heal|p2a: Aegislash|26/100|[from] item: Leftovers\n|-damage|p1a: Zapdos|34/100 tox|[from] psn\n|upkeep\n|turn|28\n|\n|t:|1790450143\n|move|p1a: Zapdos|Volt Switch|p2a: Aegislash\n|-end|p2a: Aegislash|Substitute\n|\n|t:|1790450145\n|switch|p1a: Tyranitar|Tyranitar, M|92/100|[from] Volt Switch\n|-weather|Sandstorm|[from] ability: Sand Stream|[of] p1a: Tyranitar\n|move|p2a: Aegislash|Shadow Ball|p1a: Tyranitar\n|-resisted|p1a: Tyranitar\n|-damage|p1a: Tyranitar|77/100\n|\n|-weather|Sandstorm|[upkeep]\n|-heal|p2a: Aegislash|32/100|[from] item: Leftovers\n|upkeep\n|turn|29\n|\n|t:|1790450151\n|-formechange|p2a: Aegislash|Aegislash||[from] ability: Stance Change\n|move|p2a: Aegislash|King's Shield|p2a: Aegislash\n|-singleturn|p2a: Aegislash|Protect\n|move|p1a: Tyranitar|Crunch|p2a: Aegislash\n|-activate|p2a: Aegislash|move: Protect\n|-unboost|p1a: Tyranitar|atk|1\n|\n|-weather|Sandstorm|[upkeep]\n|-heal|p2a: Aegislash|38/100|[from] item: Leftovers\n|upkeep\n|turn|30\n|\n|t:|1790450156\n|move|p1a: Tyranitar|Crunch|p2a: Aegislash\n|-supereffective|p2a: Aegislash\n|-damage|p2a: Aegislash|0 fnt\n|faint|p2a: Aegislash\n|\n|-weather|Sandstorm|[upkeep]\n|upkeep\n|\n|t:|1790450158\n|switch|p2a: Hippowdon|Hippowdon, M|82/100\n|-damage|p2a: Hippowdon|76/100|[from] Stealth Rock\n|turn|31\n|\n|t:|1790450164\n|switch|p1a: Clefable|Clefable, F|100/100\n|move|p2a: Hippowdon|Stealth Rock|p1a: Clefable\n|-sidestart|p1: dark premonitions|move: Stealth Rock\n|\n|-weather|Sandstorm|[upkeep]\n|upkeep\n|turn|32\n|\n|t:|1790450172\n|move|p1a: Clefable|Calm Mind|p1a: Clefable\n|-boost|p1a: Clefable|spa|1\n|-boost|p1a: Clefable|spd|1\n|move|p2a: Hippowdon|Slack Off|p2a: Hippowdon\n|-heal|p2a: Hippowdon|100/100\n|\n|-weather|none\n|upkeep\n|turn|33\n|\n|t:|1790450177\n|switch|p2a: Toxapex|Toxapex, F|66/100\n|-damage|p2a: Toxapex|54/100|[from] Stealth Rock\n|move|p1a: Clefable|Moonblast|p2a: Toxapex\n|-resisted|p2a: Toxapex\n|-damage|p2a: Toxapex|33/100\n|\n|upkeep\n|turn|34\n|\n|t:|1790450186\n|switch|p1a: Ferrothorn|Ferrothorn, M|21/100\n|-damage|p1a: Ferrothorn|15/100|[from] Stealth Rock\n|move|p2a: Toxapex|Recover|p2a: Toxapex\n|-heal|p2a: Toxapex|83/100\n|\n|upkeep\n|turn|35\n|\n|t:|1790450191\n|move|p2a: Toxapex|Toxic Spikes|p1a: Ferrothorn\n|-sidestart|p1: dark premonitions|move: Toxic Spikes\n|move|p1a: Ferrothorn|Leech Seed|p2a: Toxapex\n|-start|p2a: Toxapex|move: Leech Seed\n|\n|-damage|p2a: Toxapex|71/100|[from] Leech Seed|[of] p1a: Ferrothorn\n|-heal|p1a: Ferrothorn|26/100|[silent]\n|upkeep\n|turn|36\n|\n|t:|1790450198\n|move|p2a: Toxapex|Scald|p1a: Ferrothorn\n|-resisted|p1a: Ferrothorn\n|-damage|p1a: Ferrothorn|19/100\n|-status|p1a: Ferrothorn|brn\n|move|p1a: Ferrothorn|Leech Seed||[still]\n|-fail|p1a: Ferrothorn\n|\n|-damage|p2a: Toxapex|58/100|[from] Leech Seed|[of] p1a: Ferrothorn\n|-heal|p1a: Ferrothorn|30/100 brn|[silent]\n|-damage|p1a: Ferrothorn|24/100 brn|[from] brn\n|upkeep\n|turn|37\n|\n|t:|1790450204\n|switch|p2a: Hippowdon|Hippowdon, M|100/100\n|-damage|p2a: Hippowdon|94/100|[from] Stealth Rock\n|-weather|Sandstorm|[from] ability: Sand Stream|[of] p2a: Hippowdon\n|move|p1a: Ferrothorn|Knock Off|p2a: Hippowdon\n|-damage|p2a: Hippowdon|90/100\n|\n|-weather|Sandstorm|[upkeep]\n|-damage|p1a: Ferrothorn|18/100 brn|[from] brn\n|upkeep\n|turn|38\n|\n|t:|1790450220\n|switch|p1a: Clefable|Clefable, F|100/100\n|-status|p1a: Clefable|psn\n|move|p2a: Hippowdon|Earthquake|p1a: Clefable\n|-damage|p1a: Clefable|61/100 psn\n|\n|-weather|Sandstorm|[upkeep]\n|upkeep\n|turn|39\n|\n|t:|1790450226\n|move|p1a: Clefable|Soft-Boiled|p1a: Clefable\n|-heal|p1a: Clefable|100/100 psn\n|move|p2a: Hippowdon|Earthquake|p1a: Clefable\n|-damage|p1a: Clefable|66/100 psn\n|\n|-weather|Sandstorm|[upkeep]\n|upkeep\n|turn|40\n|\n|t:|1790450232\n|move|p1a: Clefable|Soft-Boiled|p1a: Clefable\n|-heal|p1a: Clefable|100/100 psn\n|move|p2a: Hippowdon|Earthquake|p1a: Clefable\n|-damage|p1a: Clefable|64/100 psn\n|\n|-weather|Sandstorm|[upkeep]\n|upkeep\n|turn|41\n|\n|t:|1790450239\n|move|p1a: Clefable|Moonblast|p2a: Hippowdon\n|-damage|p2a: Hippowdon|60/100\n|-unboost|p2a: Hippowdon|spa|1\n|move|p2a: Hippowdon|Earthquake|p1a: Clefable\n|-damage|p1a: Clefable|30/100 psn\n|\n|-weather|none\n|upkeep\n|turn|42\n|\n|t:|1790450242\n|move|p1a: Clefable|Soft-Boiled|p1a: Clefable\n|-heal|p1a: Clefable|80/100 psn\n|move|p2a: Hippowdon|Slack Off|p2a: Hippowdon\n|-heal|p2a: Hippowdon|100/100\n|\n|upkeep\n|turn|43\n|\n|t:|1790450252\n|switch|p2a: Clefable|Clefable, F|100/100\n|-damage|p2a: Clefable|88/100|[from] Stealth Rock\n|move|p1a: Clefable|Calm Mind|p1a: Clefable\n|-boost|p1a: Clefable|spa|1\n|-boost|p1a: Clefable|spd|1\n|\n|-heal|p2a: Clefable|94/100|[from] item: Leftovers\n|upkeep\n|turn|44\n|\n|t:|1790450262\n|move|p2a: Clefable|Wish|p2a: Clefable\n|move|p1a: Clefable|Moonblast|p2a: Clefable\n|-damage|p2a: Clefable|58/100\n|-unboost|p2a: Clefable|spa|1\n|\n|-heal|p2a: Clefable|64/100|[from] item: Leftovers\n|upkeep\n|turn|45\n|\n|t:|1790450273\n|move|p1a: Clefable|Moonblast|p2a: Clefable\n|-damage|p2a: Clefable|26/100\n|move|p2a: Clefable|Moonblast|p1a: Clefable\n|-damage|p1a: Clefable|65/100 psn\n|-unboost|p1a: Clefable|spa|1\n|\n|-heal|p2a: Clefable|76/100|[from] move: Wish|[wisher] Clefable\n|-heal|p2a: Clefable|82/100|[from] item: Leftovers\n|upkeep\n|turn|46\n|\n|t:|1790450283\n|move|p2a: Clefable|Wish|p2a: Clefable\n|move|p1a: Clefable|Soft-Boiled|p1a: Clefable\n|-heal|p1a: Clefable|100/100 psn\n|\n|-heal|p2a: Clefable|88/100|[from] item: Leftovers\n|upkeep\n|turn|47\n|\n|t:|1790450286\n|switch|p2a: Suicune|Suicune|69/100\n|-damage|p2a: Suicune|56/100|[from] Stealth Rock\n|-ability|p2a: Suicune|Pressure\n|move|p1a: Clefable|Calm Mind|p1a: Clefable\n|-boost|p1a: Clefable|spa|1\n|-boost|p1a: Clefable|spd|1\n|\n|-heal|p2a: Suicune|100/100|[from] move: Wish|[wisher] Clefable\n|upkeep\n|turn|48\n|\n|t:|1790450290\n|move|p2a: Suicune|Calm Mind|p2a: Suicune\n|-boost|p2a: Suicune|spa|1\n|-boost|p2a: Suicune|spd|1\n|move|p1a: Clefable|Moonblast|p2a: Suicune\n|-damage|p2a: Suicune|73/100\n|\n|-heal|p2a: Suicune|79/100|[from] item: Leftovers\n|upkeep\n|turn|49\n|\n|t:|1790450295\n|move|p2a: Suicune|Calm Mind|p2a: Suicune\n|-boost|p2a: Suicune|spa|1\n|-boost|p2a: Suicune|spd|1\n|move|p1a: Clefable|Moonblast|p2a: Suicune\n|-damage|p2a: Suicune|60/100\n|\n|-heal|p2a: Suicune|66/100|[from] item: Leftovers\n|upkeep\n|turn|50\n|\n|t:|1790450298\n|move|p2a: Suicune|Substitute|p2a: Suicune\n|-start|p2a: Suicune|Substitute\n|-damage|p2a: Suicune|41/100\n|move|p1a: Clefable|Calm Mind|p1a: Clefable\n|-boost|p1a: Clefable|spa|1\n|-boost|p1a: Clefable|spd|1\n|\n|-heal|p2a: Suicune|48/100|[from] item: Leftovers\n|upkeep\n|turn|51\n|\n|t:|1790450300\n|move|p2a: Suicune|Calm Mind|p2a: Suicune\n|-boost|p2a: Suicune|spa|1\n|-boost|p2a: Suicune|spd|1\n|move|p1a: Clefable|Calm Mind|p1a: Clefable\n|-boost|p1a: Clefable|spa|1\n|-boost|p1a: Clefable|spd|1\n|\n|-heal|p2a: Suicune|54/100|[from] item: Leftovers\n|upkeep\n|turn|52\n|\n|t:|1790450302\n|move|p2a: Suicune|Calm Mind|p2a: Suicune\n|-boost|p2a: Suicune|spa|1\n|-boost|p2a: Suicune|spd|1\n|move|p1a: Clefable|Calm Mind|p1a: Clefable\n|-boost|p1a: Clefable|spa|1\n|-boost|p1a: Clefable|spd|1\n|\n|-heal|p2a: Suicune|60/100|[from] item: Leftovers\n|upkeep\n|turn|53\n|\n|t:|1790450303\n|move|p2a: Suicune|Calm Mind|p2a: Suicune\n|-boost|p2a: Suicune|spa|1\n|-boost|p2a: Suicune|spd|1\n|move|p1a: Clefable|Calm Mind|p1a: Clefable\n|-boost|p1a: Clefable|spa|1\n|-boost|p1a: Clefable|spd|1\n|\n|-heal|p2a: Suicune|66/100|[from] item: Leftovers\n|upkeep\n|turn|54\n|\n|t:|1790450305\n|move|p2a: Suicune|Calm Mind|p2a: Suicune\n|-boost|p2a: Suicune|spa|1\n|-boost|p2a: Suicune|spd|1\n|move|p1a: Clefable|Calm Mind|p1a: Clefable\n|-boost|p1a: Clefable|spa|1\n|-boost|p1a: Clefable|spd|0\n|\n|-heal|p2a: Suicune|72/100|[from] item: Leftovers\n|upkeep\n|turn|55\n|\n|t:|1790450309\n|move|p2a: Suicune|Scald|p1a: Clefable\n|-damage|p1a: Clefable|80/100 psn\n|move|p1a: Clefable|Calm Mind|p1a: Clefable\n|-boost|p1a: Clefable|spa|0\n|-boost|p1a: Clefable|spd|0\n|\n|-heal|p2a: Suicune|78/100|[from] item: Leftovers\n|upkeep\n|turn|56\n|\n|t:|1790450314\n|move|p2a: Suicune|Scald|p1a: Clefable\n|-damage|p1a: Clefable|61/100 psn\n|move|p1a: Clefable|Soft-Boiled|p1a: Clefable\n|-heal|p1a: Clefable|100/100 psn\n|\n|-heal|p2a: Suicune|85/100|[from] item: Leftovers\n|upkeep\n|turn|57\n|\n|t:|1790450317\n|move|p2a: Suicune|Scald|p1a: Clefable\n|-damage|p1a: Clefable|80/100 psn\n|move|p1a: Clefable|Moonblast|p2a: Suicune\n|-end|p2a: Suicune|Substitute\n|\n|-heal|p2a: Suicune|91/100|[from] item: Leftovers\n|upkeep\n|turn|58\n|\n|t:|1790450322\n|move|p2a: Suicune|Substitute|p2a: Suicune\n|-start|p2a: Suicune|Substitute\n|-damage|p2a: Suicune|66/100\n|move|p1a: Clefable|Moonblast|p2a: Suicune\n|-end|p2a: Suicune|Substitute\n|\n|-heal|p2a: Suicune|72/100|[from] item: Leftovers\n|upkeep\n|turn|59\n|\n|t:|1790450326\n|move|p2a: Suicune|Substitute|p2a: Suicune\n|-start|p2a: Suicune|Substitute\n|-damage|p2a: Suicune|47/100\n|move|p1a: Clefable|Moonblast|p2a: Suicune\n|-end|p2a: Suicune|Substitute\n|\n|-heal|p2a: Suicune|53/100|[from] item: Leftovers\n|upkeep\n|turn|60\n|\n|t:|1790450331\n|move|p2a: Suicune|Scald|p1a: Clefable\n|-damage|p1a: Clefable|61/100 psn\n|move|p1a: Clefable|Moonblast|p2a: Suicune\n|-crit|p2a: Suicune\n|-damage|p2a: Suicune|0 fnt\n|faint|p2a: Suicune\n|\n|upkeep\n|c|\u2606Zokuru|bruh\n|\n|t:|1790450342\n|switch|p2a: Clefable|Clefable, F|88/100\n|-damage|p2a: Clefable|75/100|[from] Stealth Rock\n|turn|61\n|\n|t:|1790450346\n|move|p1a: Clefable|Moonblast|p2a: Clefable\n|-damage|p2a: Clefable|33/100\n|move|p2a: Clefable|Wish|p2a: Clefable\n|\n|-heal|p2a: Clefable|40/100|[from] item: Leftovers\n|upkeep\n|turn|62\n|\n|t:|1790450349\n|move|p2a: Clefable|Protect|p2a: Clefable\n|-singleturn|p2a: Clefable|Protect\n|move|p1a: Clefable|Moonblast|p2a: Clefable\n|-activate|p2a: Clefable|move: Protect\n|\n|-heal|p2a: Clefable|90/100|[from] move: Wish|[wisher] Clefable\n|-heal|p2a: Clefable|96/100|[from] item: Leftovers\n|upkeep\n|turn|63\n|\n|t:|1790450351\n|move|p1a: Clefable|Soft-Boiled|p1a: Clefable\n|-heal|p1a: Clefable|100/100 psn\n|move|p2a: Clefable|Wish|p2a: Clefable\n|\n|-heal|p2a: Clefable|100/100|[from] item: Leftovers\n|upkeep\n|turn|64\n|\n|t:|1790450355\n|move|p2a: Clefable|Moonblast|p1a: Clefable\n|-damage|p1a: Clefable|78/100 psn\n|move|p1a: Clefable|Calm Mind|p1a: Clefable\n|-boost|p1a: Clefable|spa|0\n|-boost|p1a: Clefable|spd|0\n|\n|upkeep\n|turn|65\n|\n|t:|1790450361\n|move|p2a: Clefable|Moonblast|p1a: Clefable\n|-damage|p1a: Clefable|55/100 psn\n|move|p1a: Clefable|Flamethrower|p2a: Clefable\n|-damage|p2a: Clefable|74/100\n|\n|-heal|p2a: Clefable|80/100|[from] item: Leftovers\n|upkeep\n|turn|66\n|\n|t:|1790450367\n|move|p2a: Clefable|Moonblast|p1a: Clefable\n|-damage|p1a: Clefable|30/100 psn\n|move|p1a: Clefable|Flamethrower|p2a: Clefable\n|-damage|p2a: Clefable|57/100\n|-status|p2a: Clefable|brn\n|\n|-heal|p2a: Clefable|63/100 brn|[from] item: Leftovers\n|-damage|p2a: Clefable|57/100 brn|[from] brn\n|upkeep\n|turn|67\n|\n|t:|1790450369\n|move|p2a: Clefable|Wish|p2a: Clefable\n|move|p1a: Clefable|Soft-Boiled|p1a: Clefable\n|-heal|p1a: Clefable|80/100 psn\n|\n|-heal|p2a: Clefable|63/100 brn|[from] item: Leftovers\n|-damage|p2a: Clefable|57/100 brn|[from] brn\n|upkeep\n|turn|68\n|\n|t:|1790450374\n|move|p2a: Clefable|Heal Bell|p2a: Clefable\n|-activate|p2a: Clefable|move: Heal Bell\n|-curestatus|p2a: Clefable|brn|[msg]\n|move|p1a: Clefable|Soft-Boiled|p1a: Clefable\n|-heal|p1a: Clefable|100/100 psn\n|\n|-heal|p2a: Clefable|100/100|[from] move: Wish|[wisher] Clefable\n|upkeep\n|turn|69\n|\n|t:|1790450377\n|move|p2a: Clefable|Protect|p2a: Clefable\n|-singleturn|p2a: Clefable|Protect\n|move|p1a: Clefable|Flamethrower|p2a: Clefable\n|-activate|p2a: Clefable|move: Protect\n|\n|upkeep\n|turn|70\n|\n|t:|1790450381\n|move|p2a: Clefable|Moonblast|p1a: Clefable\n|-damage|p1a: Clefable|77/100 psn\n|-unboost|p1a: Clefable|spa|1\n|move|p1a: Clefable|Flamethrower|p2a: Clefable\n|-damage|p2a: Clefable|77/100\n|\n|-heal|p2a: Clefable|83/100|[from] item: Leftovers\n|upkeep\n|turn|71\n|\n|t:|1790450387\n|move|p2a: Clefable|Protect|p2a: Clefable\n|-singleturn|p2a: Clefable|Protect\n|move|p1a: Clefable|Flamethrower|p2a: Clefable\n|-activate|p2a: Clefable|move: Protect\n|\n|-heal|p2a: Clefable|89/100|[from] item: Leftovers\n|upkeep\n|turn|72\n|\n|t:|1790450391\n|move|p1a: Clefable|Flamethrower|p2a: Clefable\n|-damage|p2a: Clefable|65/100\n|move|p2a: Clefable|Moonblast|p1a: Clefable\n|-damage|p1a: Clefable|54/100 psn\n|-unboost|p1a: Clefable|spa|1\n|\n|-heal|p2a: Clefable|71/100|[from] item: Leftovers\n|upkeep\n|turn|73\n|\n|t:|1790450397\n|move|p2a: Clefable|Moonblast|p1a: Clefable\n|-damage|p1a: Clefable|29/100 psn\n|-unboost|p1a: Clefable|spa|1\n|move|p1a: Clefable|Soft-Boiled|p1a: Clefable\n|-heal|p1a: Clefable|79/100 psn\n|\n|-heal|p2a: Clefable|77/100|[from] item: Leftovers\n|upkeep\n|turn|74\n|\n|t:|1790450404\n|move|p2a: Clefable|Protect|p2a: Clefable\n|-singleturn|p2a: Clefable|Protect\n|move|p1a: Clefable|Calm Mind|p1a: Clefable\n|-boost|p1a: Clefable|spa|1\n|-boost|p1a: Clefable|spd|0\n|\n|-heal|p2a: Clefable|83/100|[from] item: Leftovers\n|upkeep\n|turn|75\n|\n|t:|1790450408\n|move|p2a: Clefable|Moonblast|p1a: Clefable\n|-damage|p1a: Clefable|57/100 psn\n|move|p1a: Clefable|Soft-Boiled|p1a: Clefable\n|-heal|p1a: Clefable|100/100 psn\n|\n|-heal|p2a: Clefable|89/100|[from] item: Leftovers\n|upkeep\n|turn|76\n|\n|t:|1790450411\n|move|p2a: Clefable|Moonblast|p1a: Clefable\n|-crit|p1a: Clefable\n|-damage|p1a: Clefable|67/100 psn\n|-unboost|p1a: Clefable|spa|1\n|move|p1a: Clefable|Calm Mind|p1a: Clefable\n|-boost|p1a: Clefable|spa|1\n|-boost|p1a: Clefable|spd|0\n|\n|-heal|p2a: Clefable|95/100|[from] item: Leftovers\n|upkeep\n|turn|77\n|\n|t:|1790450414\n|move|p2a: Clefable|Moonblast|p1a: Clefable\n|-crit|p1a: Clefable\n|-damage|p1a: Clefable|34/100 psn\n|move|p1a: Clefable|Calm Mind|p1a: Clefable\n|-boost|p1a: Clefable|spa|1\n|-boost|p1a: Clefable|spd|0\n|\n|-heal|p2a: Clefable|100/100|[from] item: Leftovers\n|upkeep\n|turn|78\n|\n|t:|1790450418\n|move|p2a: Clefable|Moonblast|p1a: Clefable\n|-damage|p1a: Clefable|10/100 psn\n|move|p1a: Clefable|Soft-Boiled|p1a: Clefable\n|-heal|p1a: Clefable|60/100 psn\n|\n|upkeep\n|turn|79\n|\n|t:|1790450424\n|move|p2a: Clefable|Moonblast|p1a: Clefable\n|-damage|p1a: Clefable|37/100 psn\n|move|p1a: Clefable|Soft-Boiled|p1a: Clefable\n|-heal|p1a: Clefable|87/100 psn\n|\n|upkeep\n|turn|80\n|\n|t:|1790450428\n|move|p2a: Clefable|Moonblast|p1a: Clefable\n|-damage|p1a: Clefable|63/100 psn\n|move|p1a: Clefable|Calm Mind|p1a: Clefable\n|-boost|p1a: Clefable|spa|1\n|-boost|p1a: Clefable|spd|0\n|\n|upkeep\n|turn|81\n|\n|t:|1790450432\n|move|p1a: Clefable|Soft-Boiled|p1a: Clefable\n|-heal|p1a: Clefable|100/100 psn\n|move|p2a: Clefable|Moonblast|p1a: Clefable\n|-damage|p1a: Clefable|77/100 psn\n|\n|upkeep\n|turn|82\n|\n|t:|1790450434\n|move|p1a: Clefable|Flamethrower|p2a: Clefable\n|-damage|p2a: Clefable|77/100\n|move|p2a: Clefable|Moonblast|p1a: Clefable\n|-damage|p1a: Clefable|52/100 psn\n|\n|-heal|p2a: Clefable|83/100|[from] item: Leftovers\n|upkeep\n|turn|83\n|\n|t:|1790450440\n|move|p2a: Clefable|Protect|p2a: Clefable\n|-singleturn|p2a: Clefable|Protect\n|move|p1a: Clefable|Flamethrower|p2a: Clefable\n|-activate|p2a: Clefable|move: Protect\n|\n|-heal|p2a: Clefable|89/100|[from] item: Leftovers\n|upkeep\n|turn|84\n|\n|t:|1790450442\n|move|p1a: Clefable|Moonblast|p2a: Clefable\n|-damage|p2a: Clefable|54/100\n|move|p2a: Clefable|Wish|p2a: Clefable\n|\n|-heal|p2a: Clefable|60/100|[from] item: Leftovers\n|upkeep\n|turn|85\n|\n|t:|1790450447\n|move|p2a: Clefable|Moonblast|p1a: Clefable\n|-damage|p1a: Clefable|27/100 psn\n|move|p1a: Clefable|Soft-Boiled|p1a: Clefable\n|-heal|p1a: Clefable|77/100 psn\n|\n|-heal|p2a: Clefable|100/100|[from] move: Wish|[wisher] Clefable\n|upkeep\n|turn|86\n|\n|t:|1790450452\n|move|p1a: Clefable|Moonblast|p2a: Clefable\n|-crit|p2a: Clefable\n|-damage|p2a: Clefable|47/100\n|-unboost|p2a: Clefable|spa|1\n|move|p2a: Clefable|Moonblast|p1a: Clefable\n|-damage|p1a: Clefable|61/100 psn\n|-unboost|p1a: Clefable|spa|1\n|\n|-heal|p2a: Clefable|53/100|[from] item: Leftovers\n|upkeep\n|turn|87\n|\n|t:|1790450459\n|move|p2a: Clefable|Protect|p2a: Clefable\n|-singleturn|p2a: Clefable|Protect\n|move|p1a: Clefable|Flamethrower|p2a: Clefable\n|-activate|p2a: Clefable|move: Protect\n|\n|-heal|p2a: Clefable|59/100|[from] item: Leftovers\n|upkeep\n|turn|88\n|\n|t:|1790450462\n|move|p1a: Clefable|Soft-Boiled|p1a: Clefable\n|-heal|p1a: Clefable|100/100 psn\n|move|p2a: Clefable|Wish|p2a: Clefable\n|\n|-heal|p2a: Clefable|65/100|[from] item: Leftovers\n|upkeep\n|turn|89\n|\n|t:|1790450468\n|move|p2a: Clefable|Protect|p2a: Clefable\n|-singleturn|p2a: Clefable|Protect\n|move|p1a: Clefable|Calm Mind|p1a: Clefable\n|-boost|p1a: Clefable|spa|1\n|-boost|p1a: Clefable|spd|0\n|\n|-heal|p2a: Clefable|100/100|[from] move: Wish|[wisher] Clefable\n|upkeep\n|turn|90\n|\n|t:|1790450475\n|move|p1a: Clefable|Flamethrower|p2a: Clefable\n|-crit|p2a: Clefable\n|-damage|p2a: Clefable|62/100\n|move|p2a: Clefable|Moonblast|p1a: Clefable\n|-damage|p1a: Clefable|85/100 psn\n|\n|-heal|p2a: Clefable|68/100|[from] item: Leftovers\n|upkeep\n|turn|91\n|\n|t:|1790450481\n|move|p2a: Clefable|Protect|p2a: Clefable\n|-singleturn|p2a: Clefable|Protect\n|move|p1a: Clefable|Flamethrower|p2a: Clefable\n|-activate|p2a: Clefable|move: Protect\n|\n|-heal|p2a: Clefable|74/100|[from] item: Leftovers\n|upkeep\n|turn|92\n|\n|t:|1790450484\n|move|p2a: Clefable|Wish|p2a: Clefable\n|move|p1a: Clefable|Flamethrower|p2a: Clefable\n|-damage|p2a: Clefable|48/100\n|\n|-heal|p2a: Clefable|54/100|[from] item: Leftovers\n|upkeep\n|turn|93\n|\n|t:|1790450488\n|move|p1a: Clefable|Calm Mind|p1a: Clefable\n|-boost|p1a: Clefable|spa|0\n|-boost|p1a: Clefable|spd|0\n|move|p2a: Clefable|Moonblast|p1a: Clefable\n|-damage|p1a: Clefable|68/100 psn\n|\n|-heal|p2a: Clefable|100/100|[from] move: Wish|[wisher] Clefable\n|upkeep\n|turn|94\n|\n|t:|1790450500\n|move|p1a: Clefable|Flamethrower|p2a: Clefable\n|-damage|p2a: Clefable|76/100\n|move|p2a: Clefable|Moonblast|p1a: Clefable\n|-damage|p1a: Clefable|52/100 psn\n|\n|-heal|p2a: Clefable|82/100|[from] item: Leftovers\n|upkeep\n|turn|95\n|\n|t:|1790450511\n|move|p2a: Clefable|Wish|p2a: Clefable\n|move|p1a: Clefable|Flamethrower|p2a: Clefable\n|-damage|p2a: Clefable|60/100\n|\n|-heal|p2a: Clefable|66/100|[from] item: Leftovers\n|upkeep\n|turn|96\n|\n|t:|1790450515\n|move|p2a: Clefable|Protect|p2a: Clefable\n|-singleturn|p2a: Clefable|Protect\n|move|p1a: Clefable|Flamethrower|p2a: Clefable\n|-activate|p2a: Clefable|move: Protect\n|\n|-heal|p2a: Clefable|100/100|[from] move: Wish|[wisher] Clefable\n|upkeep\n|turn|97\n|\n|t:|1790450518\n|switch|p2a: Toxapex|Toxapex, F|92/100\n|-damage|p2a: Toxapex|79/100|[from] Stealth Rock\n|move|p1a: Clefable|Calm Mind|p1a: Clefable\n|-boost|p1a: Clefable|spa|0\n|-boost|p1a: Clefable|spd|0\n|\n|upkeep\n|turn|98\n|\n|t:|1790450522\n|switch|p2a: Clefable|Clefable, F|100/100\n|-damage|p2a: Clefable|88/100|[from] Stealth Rock\n|move|p1a: Clefable|Moonblast|p2a: Clefable\n|-damage|p2a: Clefable|46/100\n|-unboost|p2a: Clefable|spa|1\n|\n|-heal|p2a: Clefable|52/100|[from] item: Leftovers\n|upkeep\n|turn|99\n|c|\u2606Zokuru|lmao\n|\n|t:|1790450532\n|move|p1a: Clefable|Flamethrower|p2a: Clefable\n|-damage|p2a: Clefable|28/100\n|move|p2a: Clefable|Wish|p2a: Clefable\n|\n|-heal|p2a: Clefable|34/100|[from] item: Leftovers\n|upkeep\n|turn|100\n|\n|t:|1790450537\n|move|p2a: Clefable|Protect|p2a: Clefable\n|-singleturn|p2a: Clefable|Protect\n|move|p1a: Clefable|Flamethrower|p2a: Clefable\n|-activate|p2a: Clefable|move: Protect\n|\n|-heal|p2a: Clefable|84/100|[from] move: Wish|[wisher] Clefable\n|-heal|p2a: Clefable|90/100|[from] item: Leftovers\n|upkeep\n|turn|101\n|\n|t:|1790450546\n|move|p2a: Clefable|Wish|p2a: Clefable\n|move|p1a: Clefable|Flamethrower|p2a: Clefable\n|-damage|p2a: Clefable|66/100\n|\n|-heal|p2a: Clefable|72/100|[from] item: Leftovers\n|upkeep\n|turn|102\n|\n|t:|1790450554\n|move|p1a: Clefable|Flamethrower|p2a: Clefable\n|-damage|p2a: Clefable|48/100\n|move|p2a: Clefable|Heal Bell||[still]\n|-activate|p2a: Clefable|move: Heal Bell\n|-fail|p2a: Clefable\n|\n|-heal|p2a: Clefable|98/100|[from] move: Wish|[wisher] Clefable\n|-heal|p2a: Clefable|100/100|[from] item: Leftovers\n|upkeep\n|turn|103\n|\n|t:|1790450560\n|move|p2a: Clefable|Protect|p2a: Clefable\n|-singleturn|p2a: Clefable|Protect\n|move|p1a: Clefable|Soft-Boiled|p1a: Clefable\n|-heal|p1a: Clefable|100/100 psn\n|\n|upkeep\n|turn|104\n|\n|t:|1790450588\n|move|p1a: Clefable|Flamethrower|p2a: Clefable\n|-damage|p2a: Clefable|75/100\n|move|p2a: Clefable|Moonblast|p1a: Clefable\n|-damage|p1a: Clefable|83/100 psn\n|-unboost|p1a: Clefable|spa|1\n|\n|-heal|p2a: Clefable|81/100|[from] item: Leftovers\n|upkeep\n|turn|105\n|\n|t:|1790450594\n|move|p2a: Clefable|Wish|p2a: Clefable\n|move|p1a: Clefable|Calm Mind|p1a: Clefable\n|-boost|p1a: Clefable|spa|1\n|-boost|p1a: Clefable|spd|0\n|\n|-heal|p2a: Clefable|87/100|[from] item: Leftovers\n|upkeep\n|turn|106\n|\n|t:|1790450601\n|move|p1a: Clefable|Calm Mind|p1a: Clefable\n|-boost|p1a: Clefable|spa|0\n|-boost|p1a: Clefable|spd|0\n|move|p2a: Clefable|Heal Bell||[still]\n|-activate|p2a: Clefable|move: Heal Bell\n|-fail|p2a: Clefable\n|\n|-heal|p2a: Clefable|100/100|[from] move: Wish|[wisher] Clefable\n|upkeep\n|turn|107\n|\n|t:|1790450608\n|switch|p2a: Toxapex|Toxapex, F|100/100\n|-damage|p2a: Toxapex|88/100|[from] Stealth Rock\n|move|p1a: Clefable|Calm Mind|p1a: Clefable\n|-boost|p1a: Clefable|spa|0\n|-boost|p1a: Clefable|spd|0\n|\n|upkeep\n|turn|108\n|\n|t:|1790450615\n|switch|p2a: Clefable|Clefable, F|100/100\n|-damage|p2a: Clefable|88/100|[from] Stealth Rock\n|move|p1a: Clefable|Moonblast|p2a: Clefable\n|-damage|p2a: Clefable|47/100\n|\n|-heal|p2a: Clefable|53/100|[from] item: Leftovers\n|upkeep\n|turn|109\n|\n|t:|1790450623\n|move|p2a: Clefable|Protect|p2a: Clefable\n|-singleturn|p2a: Clefable|Protect\n|move|p1a: Clefable|Flamethrower|p2a: Clefable\n|-activate|p2a: Clefable|move: Protect\n|\n|-heal|p2a: Clefable|59/100|[from] item: Leftovers\n|upkeep\n|turn|110\n|\n|t:|1790450626\n|move|p1a: Clefable|Calm Mind|p1a: Clefable\n|-boost|p1a: Clefable|spa|0\n|-boost|p1a: Clefable|spd|0\n|move|p2a: Clefable|Wish|p2a: Clefable\n|\n|-heal|p2a: Clefable|65/100|[from] item: Leftovers\n|upkeep\n|turn|111\n|\n|t:|1790450631\n|move|p1a: Clefable|Calm Mind|p1a: Clefable\n|-boost|p1a: Clefable|spa|0\n|-boost|p1a: Clefable|spd|0\n|move|p2a: Clefable|Moonblast|p1a: Clefable\n|-damage|p1a: Clefable|58/100 psn\n|-unboost|p1a: Clefable|spa|1\n|\n|-heal|p2a: Clefable|100/100|[from] move: Wish|[wisher] Clefable\n|upkeep\n|turn|112\n|\n|t:|1790450634\n|move|p1a: Clefable|Calm Mind|p1a: Clefable\n|-boost|p1a: Clefable|spa|1\n|-boost|p1a: Clefable|spd|0\n|move|p2a: Clefable|Moonblast|p1a: Clefable\n|-damage|p1a: Clefable|34/100 psn\n|\n|upkeep\n|turn|113\n|\n|t:|1790450638\n|move|p2a: Clefable|Moonblast|p1a: Clefable\n|-damage|p1a: Clefable|11/100 psn\n|move|p1a: Clefable|Calm Mind|p1a: Clefable\n|-boost|p1a: Clefable|spa|0\n|-boost|p1a: Clefable|spd|0\n|\n|upkeep\n|turn|114\n|inactive|Zokuru has 270 seconds left.\n|\n|t:|1790450669\n|switch|p2a: Toxapex|Toxapex, F|100/100\n|-damage|p2a: Toxapex|88/100|[from] Stealth Rock\n|move|p1a: Clefable|Flamethrower|p2a: Toxapex\n|-resisted|p2a: Toxapex\n|-damage|p2a: Toxapex|55/100\n|\n|upkeep\n|turn|115\n|\n|t:|1790450675\n|switch|p2a: Clefable|Clefable, F|100/100\n|-damage|p2a: Clefable|88/100|[from] Stealth Rock\n|move|p1a: Clefable|Flamethrower|p2a: Clefable\n|-damage|p2a: Clefable|64/100\n|\n|-heal|p2a: Clefable|70/100|[from] item: Leftovers\n|upkeep\n|turn|116\n|\n|t:|1790450682\n|move|p2a: Clefable|Protect|p2a: Clefable\n|-singleturn|p2a: Clefable|Protect\n|move|p1a: Clefable|Calm Mind|p1a: Clefable\n|-boost|p1a: Clefable|spa|0\n|-boost|p1a: Clefable|spd|0\n|\n|-heal|p2a: Clefable|76/100|[from] item: Leftovers\n|upkeep\n|turn|117\n|\n|t:|1790450688\n|move|p1a: Clefable|Calm Mind|p1a: Clefable\n|-boost|p1a: Clefable|spa|0\n|-boost|p1a: Clefable|spd|0\n|move|p2a: Clefable|Wish|p2a: Clefable\n|\n|-heal|p2a: Clefable|82/100|[from] item: Leftovers\n|upkeep\n|turn|118\n|\n|t:|1790450691\n|move|p1a: Clefable|Calm Mind|p1a: Clefable\n|-boost|p1a: Clefable|spa|0\n|-boost|p1a: Clefable|spd|0\n|move|p2a: Clefable|Heal Bell||[still]\n|-activate|p2a: Clefable|move: Heal Bell\n|-fail|p2a: Clefable\n|\n|-heal|p2a: Clefable|100/100|[from] move: Wish|[wisher] Clefable\n|upkeep\n|turn|119\n|\n|t:|1790450696\n|switch|p2a: Toxapex|Toxapex, F|88/100\n|-damage|p2a: Toxapex|75/100|[from] Stealth Rock\n|move|p1a: Clefable|Calm Mind|p1a: Clefable\n|-boost|p1a: Clefable|spa|0\n|-boost|p1a: Clefable|spd|0\n|\n|upkeep\n|turn|120\n|\n|t:|1790450704\n|move|p1a: Clefable|Calm Mind|p1a: Clefable\n|-boost|p1a: Clefable|spa|0\n|-boost|p1a: Clefable|spd|0\n|move|p2a: Toxapex|Recover|p2a: Toxapex\n|-heal|p2a: Toxapex|100/100\n|\n|upkeep\n|turn|121\n|\n|t:|1790450710\n|move|p1a: Clefable|Moonblast|p2a: Toxapex\n|-resisted|p2a: Toxapex\n|-crit|p2a: Toxapex\n|-damage|p2a: Toxapex|24/100\n|-unboost|p2a: Toxapex|spa|1\n|move|p2a: Toxapex|Knock Off|p1a: Clefable\n|-resisted|p1a: Clefable\n|-damage|p1a: Clefable|4/100 psn\n|-enditem|p1a: Clefable|Life Orb|[from] move: Knock Off|[of] p2a: Toxapex\n|\n|upkeep\n|turn|122\n|\n|t:|1790450722\n|switch|p2a: Clefable|Clefable, F|100/100\n|-damage|p2a: Clefable|88/100|[from] Stealth Rock\n|move|p1a: Clefable|Flamethrower|p2a: Clefable\n|-damage|p2a: Clefable|69/100\n|-status|p2a: Clefable|brn\n|\n|-heal|p2a: Clefable|75/100 brn|[from] item: Leftovers\n|-damage|p2a: Clefable|69/100 brn|[from] brn\n|upkeep\n|turn|123\n|\n|t:|1790450735\n|switch|p1a: Ferrothorn|Ferrothorn, M|18/100 brn\n|-damage|p1a: Ferrothorn|12/100 brn|[from] Stealth Rock\n|move|p2a: Clefable|Heal Bell|p2a: Clefable\n|-activate|p2a: Clefable|move: Heal Bell\n|-curestatus|p2a: Clefable|brn|[msg]\n|\n|-heal|p2a: Clefable|75/100|[from] item: Leftovers\n|-damage|p1a: Ferrothorn|6/100 brn|[from] brn\n|upkeep\n|turn|124\n|\n|t:|1790450740\n|move|p2a: Clefable|Protect|p2a: Clefable\n|-singleturn|p2a: Clefable|Protect\n|move|p1a: Ferrothorn|Leech Seed|p2a: Clefable\n|-activate|p2a: Clefable|move: Protect\n|\n|-heal|p2a: Clefable|81/100|[from] item: Leftovers\n|-damage|p1a: Ferrothorn|0 fnt|[from] brn\n|faint|p1a: Ferrothorn\n|upkeep\n|\n|t:|1790450744\n|switch|p1a: Zapdos|Zapdos|34/100 tox\n|-damage|p1a: Zapdos|10/100 tox|[from] Stealth Rock\n|turn|125\n|\n|t:|1790450752\n|move|p1a: Zapdos|Roost|p1a: Zapdos\n|-heal|p1a: Zapdos|60/100 tox\n|-singleturn|p1a: Zapdos|move: Roost\n|move|p2a: Clefable|Wish|p2a: Clefable\n|\n|-heal|p2a: Clefable|87/100|[from] item: Leftovers\n|-damage|p1a: Zapdos|54/100 tox|[from] psn\n|upkeep\n|turn|126\n|\n|t:|1790450756\n|switch|p2a: Hippowdon|Hippowdon, M|100/100\n|-damage|p2a: Hippowdon|94/100|[from] Stealth Rock\n|-weather|Sandstorm|[from] ability: Sand Stream|[of] p2a: Hippowdon\n|move|p1a: Zapdos|Roost|p1a: Zapdos\n|-heal|p1a: Zapdos|100/100 tox\n|-singleturn|p1a: Zapdos|move: Roost\n|\n|-weather|Sandstorm|[upkeep]\n|-damage|p1a: Zapdos|94/100 tox|[from] Sandstorm\n|-heal|p2a: Hippowdon|100/100|[from] move: Wish|[wisher] Clefable\n|-damage|p1a: Zapdos|82/100 tox|[from] psn\n|upkeep\n|turn|127\n|\n|t:|1790450768\n|move|p1a: Zapdos|Hurricane|p2a: Hippowdon\n|-damage|p2a: Hippowdon|64/100\n|-start|p2a: Hippowdon|confusion\n|-activate|p2a: Hippowdon|confusion\n|move|p2a: Hippowdon|Earthquake|p1a: Zapdos\n|-immune|p1a: Zapdos\n|\n|-weather|Sandstorm|[upkeep]\n|-damage|p1a: Zapdos|76/100 tox|[from] Sandstorm\n|-damage|p1a: Zapdos|58/100 tox|[from] psn\n|upkeep\n|turn|128\n|\n|t:|1790450780\n|switch|p1a: Clefable|Clefable, F|4/100 psn\n|-activate|p2a: Hippowdon|confusion\n|move|p2a: Hippowdon|Slack Off|p2a: Hippowdon\n|-heal|p2a: Hippowdon|100/100\n|\n|-weather|Sandstorm|[upkeep]\n|upkeep\n|turn|129\n|\n|t:|1790450785\n|switch|p2a: Toxapex|Toxapex, F|57/100\n|-damage|p2a: Toxapex|44/100|[from] Stealth Rock\n|move|p1a: Clefable|Moonblast|p2a: Toxapex\n|-resisted|p2a: Toxapex\n|-damage|p2a: Toxapex|34/100\n|\n|-weather|Sandstorm|[upkeep]\n|-damage|p2a: Toxapex|27/100|[from] Sandstorm\n|upkeep\n|turn|130\n|\n|t:|1790450792\n|switch|p1a: Zapdos|Zapdos|58/100 tox\n|-damage|p1a: Zapdos|34/100 tox|[from] Stealth Rock\n|move|p2a: Toxapex|Recover|p2a: Toxapex\n|-heal|p2a: Toxapex|77/100\n|\n|-weather|none\n|-damage|p1a: Zapdos|28/100 tox|[from] psn\n|upkeep\n|turn|131\n|\n|t:|1790450794\n|move|p1a: Zapdos|Roost|p1a: Zapdos\n|-heal|p1a: Zapdos|78/100 tox\n|-singleturn|p1a: Zapdos|move: Roost\n|move|p2a: Toxapex|Recover|p2a: Toxapex\n|-heal|p2a: Toxapex|100/100\n|\n|-damage|p1a: Zapdos|66/100 tox|[from] psn\n|upkeep\n|turn|132\n|\n|t:|1790450798\n|move|p1a: Zapdos|Roost|p1a: Zapdos\n|-heal|p1a: Zapdos|100/100 tox\n|-singleturn|p1a: Zapdos|move: Roost\n|move|p2a: Toxapex|Scald|p1a: Zapdos\n|-damage|p1a: Zapdos|83/100 tox\n|\n|-damage|p1a: Zapdos|65/100 tox|[from] psn\n|upkeep\n|turn|133\n|\n|t:|1790450801\n|move|p1a: Zapdos|Volt Switch|p2a: Toxapex\n|-supereffective|p2a: Toxapex\n|-damage|p2a: Toxapex|61/100\n|\n|t:|1790450808\n|switch|p1a: Clefable|Clefable, F|4/100 psn|[from] Volt Switch\n|move|p2a: Toxapex|Recover|p2a: Toxapex\n|-heal|p2a: Toxapex|100/100\n|\n|upkeep\n|turn|134\n|\n|t:|1790450812\n|switch|p1a: Zapdos|Zapdos|65/100 tox\n|-damage|p1a: Zapdos|40/100 tox|[from] Stealth Rock\n|move|p2a: Toxapex|Toxic Spikes|p1a: Zapdos\n|-sidestart|p1: dark premonitions|move: Toxic Spikes\n|\n|-damage|p1a: Zapdos|34/100 tox|[from] psn\n|upkeep\n|turn|135\n|\n|t:|1790450814\n|move|p1a: Zapdos|Roost|p1a: Zapdos\n|-heal|p1a: Zapdos|84/100 tox\n|-singleturn|p1a: Zapdos|move: Roost\n|move|p2a: Toxapex|Scald|p1a: Zapdos\n|-damage|p1a: Zapdos|68/100 tox\n|\n|-damage|p1a: Zapdos|56/100 tox|[from] psn\n|upkeep\n|turn|136\n|\n|t:|1790450817\n|move|p1a: Zapdos|Roost|p1a: Zapdos\n|-heal|p1a: Zapdos|100/100 tox\n|-singleturn|p1a: Zapdos|move: Roost\n|move|p2a: Toxapex|Scald|p1a: Zapdos\n|-damage|p1a: Zapdos|85/100 tox\n|\n|-damage|p1a: Zapdos|67/100 tox|[from] psn\n|upkeep\n|turn|137\n|\n|t:|1790450822\n|move|p1a: Zapdos|Roost|p1a: Zapdos\n|-heal|p1a: Zapdos|100/100 tox\n|-singleturn|p1a: Zapdos|move: Roost\n|move|p2a: Toxapex|Recover||[still]\n|-fail|p2a: Toxapex|heal\n|\n|-damage|p1a: Zapdos|76/100 tox|[from] psn\n|upkeep\n|turn|138\n|\n|t:|1790450825\n|move|p1a: Zapdos|Volt Switch|p2a: Toxapex\n|-supereffective|p2a: Toxapex\n|-damage|p2a: Toxapex|64/100\n|\n|t:|1790450827\n|switch|p1a: Clefable|Clefable, F|4/100 psn|[from] Volt Switch\n|move|p2a: Toxapex|Recover|p2a: Toxapex\n|-heal|p2a: Toxapex|100/100\n|\n|upkeep\n|turn|139\n|\n|t:|1790450829\n|switch|p1a: Zapdos|Zapdos|76/100 tox\n|-damage|p1a: Zapdos|52/100 tox|[from] Stealth Rock\n|move|p2a: Toxapex|Scald|p1a: Zapdos\n|-damage|p1a: Zapdos|37/100 tox\n|\n|-damage|p1a: Zapdos|31/100 tox|[from] psn\n|upkeep\n|turn|140\n|\n|t:|1790450832\n|move|p1a: Zapdos|Roost|p1a: Zapdos\n|-heal|p1a: Zapdos|81/100 tox\n|-singleturn|p1a: Zapdos|move: Roost\n|move|p2a: Toxapex|Scald|p1a: Zapdos\n|-damage|p1a: Zapdos|65/100 tox\n|\n|-damage|p1a: Zapdos|53/100 tox|[from] psn\n|upkeep\n|turn|141\n|\n|t:|1790450835\n|move|p1a: Zapdos|Roost|p1a: Zapdos\n|-heal|p1a: Zapdos|100/100 tox\n|-singleturn|p1a: Zapdos|move: Roost\n|move|p2a: Toxapex|Scald|p1a: Zapdos\n|-damage|p1a: Zapdos|85/100 tox\n|\n|-damage|p1a: Zapdos|67/100 tox|[from] psn\n|upkeep\n|turn|142\n|\n|t:|1790450838\n|move|p1a: Zapdos|Roost|p1a: Zapdos\n|-heal|p1a: Zapdos|100/100 tox\n|-singleturn|p1a: Zapdos|move: Roost\n|move|p2a: Toxapex|Scald|p1a: Zapdos\n|-damage|p1a: Zapdos|82/100 tox\n|\n|-damage|p1a: Zapdos|58/100 tox|[from] psn\n|upkeep\n|turn|143\n|\n|t:|1790450841\n|switch|p2a: Hippowdon|Hippowdon, M|100/100\n|-damage|p2a: Hippowdon|94/100|[from] Stealth Rock\n|-weather|Sandstorm|[from] ability: Sand Stream|[of] p2a: Hippowdon\n|move|p1a: Zapdos|Volt Switch|p2a: Hippowdon\n|-immune|p2a: Hippowdon\n|\n|-weather|Sandstorm|[upkeep]\n|-damage|p1a: Zapdos|52/100 tox|[from] Sandstorm\n|-damage|p1a: Zapdos|22/100 tox|[from] psn\n|upkeep\n|turn|144\n|\n|t:|1790450848\n|move|p1a: Zapdos|Hurricane|p2a: Hippowdon\n|-damage|p2a: Hippowdon|58/100\n|-start|p2a: Hippowdon|confusion\n|-activate|p2a: Hippowdon|confusion\n|-damage|p2a: Hippowdon|50/100|[from] confusion\n|\n|-weather|Sandstorm|[upkeep]\n|-damage|p1a: Zapdos|16/100 tox|[from] Sandstorm\n|-damage|p1a: Zapdos|0 fnt|[from] psn\n|faint|p1a: Zapdos\n|upkeep\n|\n|t:|1790450850\n|switch|p1a: Dragapult|Dragapult, M|100/100\n|-damage|p1a: Dragapult|88/100|[from] Stealth Rock\n|-status|p1a: Dragapult|tox\n|turn|145\n|c|\u2606Zokuru|.\n|c|\u2606Zokuru|that's insane\n|\n|t:|1790450858\n|switch|p2a: Toxapex|Toxapex, F|100/100\n|-damage|p2a: Toxapex|88/100|[from] Stealth Rock\n|move|p1a: Dragapult|Shadow Ball|p2a: Toxapex\n|-damage|p2a: Toxapex|54/100\n|\n|-weather|Sandstorm|[upkeep]\n|-damage|p1a: Dragapult|82/100 tox|[from] Sandstorm\n|-damage|p2a: Toxapex|48/100|[from] Sandstorm\n|-damage|p1a: Dragapult|76/100 tox|[from] psn\n|upkeep\n|turn|146\n|\n|t:|1790450865\n|move|p1a: Dragapult|Shadow Ball|p2a: Toxapex\n|-damage|p2a: Toxapex|16/100\n|move|p2a: Toxapex|Recover|p2a: Toxapex\n|-heal|p2a: Toxapex|66/100\n|\n|-weather|Sandstorm|[upkeep]\n|-damage|p1a: Dragapult|70/100 tox|[from] Sandstorm\n|-damage|p2a: Toxapex|60/100|[from] Sandstorm\n|-damage|p1a: Dragapult|58/100 tox|[from] psn\n|upkeep\n|turn|147\n|\n|t:|1790450869\n|move|p1a: Dragapult|Shadow Ball|p2a: Toxapex\n|-damage|p2a: Toxapex|25/100\n|move|p2a: Toxapex|Recover|p2a: Toxapex\n|-heal|p2a: Toxapex|75/100\n|\n|-weather|none\n|-damage|p1a: Dragapult|40/100 tox|[from] psn\n|upkeep\n|turn|148\n|\n|t:|1790450871\n|switch|p1a: Clefable|Clefable, F|4/100 psn\n|move|p2a: Toxapex|Recover|p2a: Toxapex\n|-heal|p2a: Toxapex|100/100\n|\n|upkeep\n|turn|149\n|\n|t:|1790450877\n|switch|p2a: Hippowdon|Hippowdon, M|50/100\n|-damage|p2a: Hippowdon|44/100|[from] Stealth Rock\n|-weather|Sandstorm|[from] ability: Sand Stream|[of] p2a: Hippowdon\n|move|p1a: Clefable|Calm Mind|p1a: Clefable\n|-boost|p1a: Clefable|spa|1\n|-boost|p1a: Clefable|spd|1\n|\n|-weather|Sandstorm|[upkeep]\n|upkeep\n|turn|150\n|\n|t:|1790450882\n|switch|p1a: Dragapult|Dragapult, M|40/100 tox\n|-damage|p1a: Dragapult|28/100 tox|[from] Stealth Rock\n|move|p2a: Hippowdon|Slack Off|p2a: Hippowdon\n|-heal|p2a: Hippowdon|94/100\n|\n|-weather|Sandstorm|[upkeep]\n|-damage|p1a: Dragapult|22/100 tox|[from] Sandstorm\n|-damage|p1a: Dragapult|16/100 tox|[from] psn\n|upkeep\n|turn|151\n|\n|t:|1790450887\n|switch|p2a: Toxapex|Toxapex, F|100/100\n|-damage|p2a: Toxapex|88/100|[from] Stealth Rock\n|move|p1a: Dragapult|Shadow Ball|p2a: Toxapex\n|-damage|p2a: Toxapex|56/100\n|\n|-weather|Sandstorm|[upkeep]\n|-damage|p1a: Dragapult|10/100 tox|[from] Sandstorm\n|-damage|p2a: Toxapex|50/100|[from] Sandstorm\n|-damage|p1a: Dragapult|0 fnt|[from] psn\n|faint|p1a: Dragapult\n|upkeep\n|\n|t:|1790450890\n|switch|p1a: Tyranitar|Tyranitar, M|77/100\n|-damage|p1a: Tyranitar|65/100|[from] Stealth Rock\n|-status|p1a: Tyranitar|tox\n|turn|152\n|\n|t:|1790450895\n|move|p1a: Tyranitar|Crunch|p2a: Toxapex\n|-damage|p2a: Toxapex|0 fnt\n|faint|p2a: Toxapex\n|\n|-weather|Sandstorm|[upkeep]\n|-damage|p1a: Tyranitar|59/100 tox|[from] psn\n|upkeep\n|\n|t:|1790450906\n|switch|p2a: Clefable|Clefable, F|87/100\n|-damage|p2a: Clefable|75/100|[from] Stealth Rock\n|turn|153\n|\n|t:|1790450910\n|switch|p1a: Clefable|Clefable, F|4/100 psn\n|move|p2a: Clefable|Wish|p2a: Clefable\n|\n|-weather|none\n|-heal|p2a: Clefable|81/100|[from] item: Leftovers\n|upkeep\n|turn|154\n|\n|t:|1790450914\n|switch|p1a: Tyranitar|Tyranitar, M|59/100 tox\n|-damage|p1a: Tyranitar|46/100 tox|[from] Stealth Rock\n|-weather|Sandstorm|[from] ability: Sand Stream|[of] p1a: Tyranitar\n|move|p2a: Clefable|Protect||[still]\n|-fail|p2a: Clefable\n|\n|-weather|Sandstorm|[upkeep]\n|-damage|p2a: Clefable|75/100|[from] Sandstorm\n|-heal|p2a: Clefable|100/100|[from] move: Wish|[wisher] Clefable\n|-damage|p1a: Tyranitar|40/100 tox|[from] psn\n|upkeep\n|turn|155\n|\n|t:|1790450918\n|move|p2a: Clefable|Protect|p2a: Clefable\n|-singleturn|p2a: Clefable|Protect\n|move|p1a: Tyranitar|Heavy Slam|p2a: Clefable\n|-activate|p2a: Clefable|move: Protect\n|\n|-weather|Sandstorm|[upkeep]\n|-damage|p2a: Clefable|94/100|[from] Sandstorm\n|-heal|p2a: Clefable|100/100|[from] item: Leftovers\n|-damage|p1a: Tyranitar|28/100 tox|[from] psn\n|upkeep\n|turn|156\n|\n|t:|1790450925\n|switch|p1a: Clefable|Clefable, F|4/100 psn\n|move|p2a: Clefable|Heal Bell||[still]\n|-activate|p2a: Clefable|move: Heal Bell\n|-fail|p2a: Clefable\n|\n|-weather|Sandstorm|[upkeep]\n|-damage|p2a: Clefable|94/100|[from] Sandstorm\n|-heal|p2a: Clefable|100/100|[from] item: Leftovers\n|upkeep\n|turn|157\n|\n|t:|1790450928\n|switch|p2a: Hippowdon|Hippowdon, M|94/100\n|-damage|p2a: Hippowdon|88/100|[from] Stealth Rock\n|move|p1a: Clefable|Calm Mind|p1a: Clefable\n|-boost|p1a: Clefable|spa|1\n|-boost|p1a: Clefable|spd|1\n|\n|-weather|Sandstorm|[upkeep]\n|upkeep\n|turn|158\n|\n|t:|1790450936\n|move|p1a: Clefable|Calm Mind|p1a: Clefable\n|-boost|p1a: Clefable|spa|1\n|-boost|p1a: Clefable|spd|1\n|move|p2a: Hippowdon|Slack Off|p2a: Hippowdon\n|-heal|p2a: Hippowdon|100/100\n|\n|-weather|none\n|upkeep\n|turn|159\n|\n|t:|1790450939\n|-activate|p1a: Clefable|move: Struggle\n|move|p1a: Clefable|Struggle|p2a: Hippowdon\n|-damage|p2a: Hippowdon|96/100\n|-damage|p1a: Clefable|0 fnt|[from] recoil\n|faint|p1a: Clefable\n|move|p2a: Hippowdon|Slack Off|p2a: Hippowdon\n|-heal|p2a: Hippowdon|100/100\n|\n|upkeep\n|\n|t:|1790450942\n|switch|p1a: Tyranitar|Tyranitar, M|28/100 tox\n|-damage|p1a: Tyranitar|15/100 tox|[from] Stealth Rock\n|-weather|Sandstorm|[from] ability: Sand Stream|[of] p1a: Tyranitar\n|turn|160\n|c|\u2606Zokuru|gg\n|\n|t:|1790450948\n|move|p1a: Tyranitar|Crunch|p2a: Hippowdon\n|-damage|p2a: Hippowdon|47/100\n|move|p2a: Hippowdon|Earthquake|p1a: Tyranitar\n|-supereffective|p1a: Tyranitar\n|-damage|p1a: Tyranitar|0 fnt\n|faint|p1a: Tyranitar\n|\n|win|Zokuru\n|c|\u2606dark premonitions|gg\n|player|p1|\n", "uploadtime": 1790450948, "views": "68", "formatid": "gen8ou", "rating": null, "private": 0, "password": null}