{"id": "smogtours-gen8ou-974597", "format": "[Gen 8] OU", "players": ["ryuji", "StrongCoal"], "log": "|inactive|Battle timer is ON: inactive players will automatically lose when time's up.\n|t:|1790449705\n|gametype|singles\n|player|p1|ryuji|#ndwcvfrance|\n|player|p2|StrongCoal|102|\n|gen|8\n|tier|[Gen 8] OU\n|rule|HP Percentage Mod: HP is shown in percentages\n|rule|Endless Battle Clause: Forcing endless battles is banned\n|rule|Sleep Clause Mod: Limit one foe put to sleep\n|rule|Species Clause: Limit one of each Pok\u00e9mon\n|rule|OHKO Clause: OHKO moves are banned\n|rule|Evasion Items Clause: Evasion items are banned\n|rule|Evasion Moves Clause: Evasion moves are banned\n|rule|Dynamax Clause: You cannot dynamax\n|clearpoke\n|poke|p1|Blacephalon|\n|poke|p1|Tornadus-Therian, M|\n|poke|p1|Melmetal|\n|poke|p1|Garchomp, M|\n|poke|p1|Slowbro, M|\n|poke|p1|Rillaboom, M|\n|poke|p2|Hawlucha, M|\n|poke|p2|Espeon, M|\n|poke|p2|Tapu Lele|\n|poke|p2|Omastar, M|\n|poke|p2|Cloyster, F|\n|poke|p2|Polteageist|\n|teampreview\n|c|\u2606StrongCoal|hf\n|c|\u2606ryuji|hf\n|\n|t:|1790449721\n|teamsize|p1|6\n|teamsize|p2|6\n|start\n|switch|p1a: Melmetal|Melmetal|100/100\n|switch|p2a: Tapu Lele|Tapu Lele|100/100\n|-fieldstart|move: Psychic Terrain|[from] ability: Psychic Surge|[of] p2a: Tapu Lele\n|turn|1\n|\n|t:|1790449729\n|switch|p2a: Espeon|Espeon, M|100/100\n|move|p1a: Melmetal|Double Iron Bash|p2a: Espeon\n|-damage|p2a: Espeon|27/100\n|-damage|p2a: Espeon|0 fnt\n|faint|p2a: Espeon\n|-hitcount|p2: Espeon|2\n|\n|upkeep\n|inactive|StrongCoal has 270 seconds left.\n|\n|t:|1790449761\n|switch|p2a: Hawlucha|Hawlucha, M|100/100\n|-enditem|p2a: Hawlucha|Psychic Seed\n|-boost|p2a: Hawlucha|spd|1|[from] item: Psychic Seed\n|turn|2\n|\n|t:|1790449767\n|move|p2a: Hawlucha|Close Combat|p1a: Melmetal\n|-supereffective|p1a: Melmetal\n|-damage|p1a: Melmetal|37/100\n|-unboost|p2a: Hawlucha|def|1\n|-unboost|p2a: Hawlucha|spd|1\n|move|p1a: Melmetal|Double Iron Bash|p2a: Hawlucha\n|-damage|p2a: Hawlucha|13/100\n|-damage|p2a: Hawlucha|0 fnt\n|faint|p2a: Hawlucha\n|-hitcount|p2: Hawlucha|2\n|\n|-heal|p1a: Melmetal|43/100|[from] item: Leftovers\n|upkeep\n|inactive|StrongCoal has 270 seconds left.\n|\n|t:|1790449780\n|switch|p2a: Omastar|Omastar, M|100/100\n|turn|3\n|inactive|ryuji has 270 seconds left.\n|\n|t:|1790449812\n|switch|p1a: Slowbro|Slowbro, M|100/100\n|move|p2a: Omastar|Earth Power|p1a: Slowbro\n|-damage|p1a: Slowbro|67/100\n|\n|upkeep\n|turn|4\n|inactive|ryuji has 270 seconds left.\n|\n|t:|1790449829\n|switch|p1a: Garchomp|Garchomp, M|100/100\n|move|p2a: Omastar|Shell Smash|p2a: Omastar\n|-unboost|p2a: Omastar|def|1\n|-unboost|p2a: Omastar|spd|1\n|-boost|p2a: Omastar|atk|2\n|-boost|p2a: Omastar|spa|2\n|-boost|p2a: Omastar|spe|2\n|\n|upkeep\n|turn|5\n|inactive|ryuji has 270 seconds left.\n|\n|t:|1790449836\n|move|p2a: Omastar|Ice Beam|p1a: Garchomp\n|-supereffective|p1a: Garchomp\n|-damage|p1a: Garchomp|0 fnt\n|faint|p1a: Garchomp\n|\n|upkeep\n|\n|t:|1790449839\n|switch|p1a: Slowbro|Slowbro, M|100/100\n|turn|6\n|\n|t:|1790449843\n|move|p2a: Omastar|Earth Power|p1a: Slowbro\n|-damage|p1a: Slowbro|43/100\n|move|p1a: Slowbro|Body Press|p2a: Omastar\n|-supereffective|p2a: Omastar\n|-damage|p2a: Omastar|20/100\n|-ability|p2a: Omastar|Weak Armor|boost\n|-unboost|p2a: Omastar|def|1\n|-boost|p2a: Omastar|spe|2\n|\n|upkeep\n|turn|7\n|\n|t:|1790449860\n|switch|p1a: Tornadus|Tornadus-Therian, M|100/100\n|move|p2a: Omastar|Hydro Pump|p1a: Tornadus|[miss]\n|-miss|p2a: Omastar|p1a: Tornadus\n|\n|upkeep\n|turn|8\n|\n|t:|1790449873\n|move|p2a: Omastar|Hydro Pump|p1a: Tornadus\n|-damage|p1a: Tornadus|0 fnt\n|faint|p1a: Tornadus\n|\n|-fieldend|move: Psychic Terrain\n|upkeep\n|\n|t:|1790449875\n|switch|p1a: Rillaboom|Rillaboom, M|100/100\n|-fieldstart|move: Grassy Terrain|[from] ability: Grassy Surge|[of] p1a: Rillaboom\n|turn|9\n|\n|t:|1790449882\n|move|p1a: Rillaboom|Grassy Glide|p2a: Omastar\n|-supereffective|p2a: Omastar\n|-damage|p2a: Omastar|0 fnt\n|faint|p2a: Omastar\n|\n|upkeep\n|\n|t:|1790449886\n|switch|p2a: Tapu Lele|Tapu Lele|100/100\n|-fieldstart|move: Psychic Terrain|[from] ability: Psychic Surge|[of] p2a: Tapu Lele\n|turn|10\n|\n|t:|1790449892\n|switch|p1a: Slowbro|Slowbro, M|76/100\n|move|p2a: Tapu Lele|Psychic|p1a: Slowbro\n|-resisted|p1a: Slowbro\n|-damage|p1a: Slowbro|47/100\n|\n|upkeep\n|turn|11\n|\n|t:|1790449899\n|move|p2a: Tapu Lele|Moonblast|p1a: Slowbro\n|-damage|p1a: Slowbro|0 fnt\n|faint|p1a: Slowbro\n|\n|upkeep\n|\n|t:|1790449901\n|switch|p1a: Blacephalon|Blacephalon|100/100\n|turn|12\n|\n|t:|1790449905\n|move|p1a: Blacephalon|Shadow Ball|p2a: Tapu Lele\n|-supereffective|p2a: Tapu Lele\n|-damage|p2a: Tapu Lele|0 fnt\n|faint|p2a: Tapu Lele\n|-ability|p1a: Blacephalon|Beast Boost|boost\n|-boost|p1a: Blacephalon|spa|1\n|\n|upkeep\n|\n|t:|1790449914\n|switch|p2a: Polteageist|Polteageist|100/100\n|turn|13\n|\n|t:|1790449918\n|move|p1a: Blacephalon|Shadow Ball|p2a: Polteageist\n|-supereffective|p2a: Polteageist\n|-enditem|p2a: Polteageist|Focus Sash\n|-damage|p2a: Polteageist|1/100\n|move|p2a: Polteageist|Shell Smash|p2a: Polteageist\n|-unboost|p2a: Polteageist|def|1\n|-unboost|p2a: Polteageist|spd|1\n|-boost|p2a: Polteageist|atk|2\n|-boost|p2a: Polteageist|spa|2\n|-boost|p2a: Polteageist|spe|2\n|\n|upkeep\n|turn|14\n|\n|t:|1790449928\n|move|p2a: Polteageist|Shadow Ball|p1a: Blacephalon\n|-supereffective|p1a: Blacephalon\n|-damage|p1a: Blacephalon|0 fnt\n|faint|p1a: Blacephalon\n|\n|upkeep\n|\n|t:|1790449931\n|switch|p1a: Rillaboom|Rillaboom, M|100/100\n|-fieldstart|move: Grassy Terrain|[from] ability: Grassy Surge|[of] p1a: Rillaboom\n|turn|15\n|\n|t:|1790449937\n|move|p1a: Rillaboom|Grassy Glide|p2a: Polteageist\n|-damage|p2a: Polteageist|0 fnt\n|faint|p2a: Polteageist\n|\n|upkeep\n|\n|t:|1790449941\n|switch|p2a: Cloyster|Cloyster, F|100/100\n|turn|16\n|\n|t:|1790449970\n|move|p1a: Rillaboom|Grassy Glide|p2a: Cloyster\n|-supereffective|p2a: Cloyster\n|-damage|p2a: Cloyster|15/100\n|move|p2a: Cloyster|Icicle Spear|p1a: Rillaboom\n|-supereffective|p1a: Rillaboom\n|-damage|p1a: Rillaboom|79/100\n|-supereffective|p1a: Rillaboom\n|-damage|p1a: Rillaboom|57/100\n|-supereffective|p1a: Rillaboom\n|-damage|p1a: Rillaboom|36/100\n|-supereffective|p1a: Rillaboom\n|-damage|p1a: Rillaboom|15/100\n|-supereffective|p1a: Rillaboom\n|-damage|p1a: Rillaboom|0 fnt\n|faint|p1a: Rillaboom\n|-hitcount|p1: Rillaboom|5\n|\n|-heal|p2a: Cloyster|21/100|[from] Grassy Terrain\n|upkeep\n|\n|t:|1790449974\n|switch|p1a: Melmetal|Melmetal|43/100\n|turn|17\n|\n|t:|1790449980\n|move|p2a: Cloyster|Hydro Pump|p1a: Melmetal\n|-damage|p1a: Melmetal|11/100\n|move|p1a: Melmetal|Double Iron Bash|p2a: Cloyster\n|-damage|p2a: Cloyster|0 fnt\n|faint|p2a: Cloyster\n|-hitcount|p2: Cloyster|1\n|\n|win|ryuji\n", "uploadtime": 1790449980, "views": "39", "formatid": "gen8ou", "rating": null, "private": 0, "password": null}