{"id": "smogtours-gen8ou-974599", "format": "[Gen 8] OU", "players": ["sequoia", "pengu"], "log": "|inactive|Battle timer is ON: inactive players will automatically lose when time's up.\n|t:|1790449737\n|gametype|singles\n|player|p1|sequoia|#ptplviistarmies|\n|player|p2|pengu|#pengu|\n|gen|8\n|tier|[Gen 8] OU\n|rule|HP Percentage Mod: HP is shown in percentages\n|rule|Endless Battle Clause: Forcing endless battles is banned\n|rule|Sleep Clause Mod: Limit one foe put to sleep\n|rule|Species Clause: Limit one of each Pok\u00e9mon\n|rule|OHKO Clause: OHKO moves are banned\n|rule|Evasion Items Clause: Evasion items are banned\n|rule|Evasion Moves Clause: Evasion moves are banned\n|rule|Dynamax Clause: You cannot dynamax\n|clearpoke\n|poke|p1|Kartana|\n|poke|p1|Tapu Koko|\n|poke|p1|Landorus-Therian, M|\n|poke|p1|Heatran, M|\n|poke|p1|Mandibuzz, F|\n|poke|p1|Slowking, F|\n|poke|p2|Volcanion|\n|poke|p2|Tornadus-Therian, M|\n|poke|p2|Heatran, M|\n|poke|p2|Landorus-Therian, M|\n|poke|p2|Ferrothorn, M|\n|poke|p2|Weavile, M|\n|teampreview\n|c|\u2606pengu|hf\n|c|\u2606sequoia|hf\n|inactive|sequoia has 270 seconds left.\n|inactive|pengu has 270 seconds left.\n|inactive|sequoia has 240 seconds left.\n|\n|t:|1790449797\n|teamsize|p1|6\n|teamsize|p2|6\n|start\n|switch|p1a: Heatran|Heatran, M|100/100\n|switch|p2a: Landorus|Landorus-Therian, M|100/100\n|-ability|p2a: Landorus|Intimidate|boost\n|-unboost|p1a: Heatran|atk|1\n|turn|1\n|\n|t:|1790449812\n|move|p1a: Heatran|Eruption|p2a: Landorus\n|-damage|p2a: Landorus|8/100\n|move|p2a: Landorus|Earthquake|p1a: Heatran\n|-supereffective|p1a: Heatran\n|-crit|p1a: Heatran\n|-damage|p1a: Heatran|0 fnt\n|faint|p1a: Heatran\n|\n|-heal|p2a: Landorus|14/100|[from] item: Leftovers\n|upkeep\n|\n|t:|1790449827\n|switch|p1a: Kartana|Kartana|100/100\n|turn|2\n|\n|t:|1790449838\n|switch|p2a: Ferrothorn|Ferrothorn, M|100/100\n|move|p1a: Kartana|Knock Off|p2a: Ferrothorn\n|-damage|p2a: Ferrothorn|63/100\n|-damage|p1a: Kartana|88/100|[from] ability: Iron Barbs|[of] p2a: Ferrothorn\n|-damage|p1a: Kartana|72/100|[from] item: Rocky Helmet|[of] p2a: Ferrothorn\n|-enditem|p2a: Ferrothorn|Rocky Helmet|[from] move: Knock Off|[of] p1a: Kartana\n|\n|upkeep\n|turn|3\n|\n|t:|1790449849\n|switch|p1a: Landorus|Landorus-Therian, M|100/100\n|-ability|p1a: Landorus|Intimidate|boost\n|-unboost|p2a: Ferrothorn|atk|1\n|move|p2a: Ferrothorn|Knock Off|p1a: Landorus\n|-crit|p1a: Landorus\n|-damage|p1a: Landorus|78/100\n|-enditem|p1a: Landorus|Leftovers|[from] move: Knock Off|[of] p2a: Ferrothorn\n|\n|upkeep\n|turn|4\n|\n|t:|1790449855\n|move|p1a: Landorus|Stealth Rock|p2a: Ferrothorn\n|-sidestart|p2: pengu|move: Stealth Rock\n|move|p2a: Ferrothorn|Leech Seed|p1a: Landorus\n|-start|p1a: Landorus|move: Leech Seed\n|\n|-damage|p1a: Landorus|66/100|[from] Leech Seed|[of] p2a: Ferrothorn\n|-heal|p2a: Ferrothorn|76/100|[silent]\n|upkeep\n|turn|5\n|\n|t:|1790449863\n|switch|p1a: Slowking|Slowking, F|100/100\n|move|p2a: Ferrothorn|Body Press|p1a: Slowking\n|-resisted|p1a: Slowking\n|-damage|p1a: Slowking|86/100\n|\n|upkeep\n|turn|6\n|\n|t:|1790449872\n|move|p2a: Ferrothorn|Knock Off|p1a: Slowking\n|-supereffective|p1a: Slowking\n|-damage|p1a: Slowking|59/100\n|-enditem|p1a: Slowking|Heavy-Duty Boots|[from] move: Knock Off|[of] p2a: Ferrothorn\n|move|p1a: Slowking|Teleport|p1a: Slowking\n|\n|t:|1790449885\n|switch|p1a: Landorus|Landorus-Therian, M|66/100|[from] Teleport\n|-ability|p1a: Landorus|Intimidate|boost\n|-unboost|p2a: Ferrothorn|atk|1\n|\n|upkeep\n|turn|7\n|\n|t:|1790449905\n|move|p1a: Landorus|Earthquake|p2a: Ferrothorn\n|-damage|p2a: Ferrothorn|48/100\n|move|p2a: Ferrothorn|Leech Seed|p1a: Landorus\n|-start|p1a: Landorus|move: Leech Seed\n|\n|-damage|p1a: Landorus|54/100|[from] Leech Seed|[of] p2a: Ferrothorn\n|-heal|p2a: Ferrothorn|61/100|[silent]\n|upkeep\n|turn|8\n|\n|t:|1790449917\n|switch|p2a: Landorus|Landorus-Therian, M|14/100\n|-damage|p2a: Landorus|1/100|[from] Stealth Rock\n|-ability|p2a: Landorus|Intimidate|boost\n|-unboost|p1a: Landorus|atk|1\n|move|p1a: Landorus|U-turn|p2a: Landorus\n|-resisted|p2a: Landorus\n|-damage|p2a: Landorus|0 fnt\n|faint|p2a: Landorus\n|\n|t:|1790449939\n|switch|p1a: Tapu Koko|Tapu Koko|100/100|[from] U-turn\n|-fieldstart|move: Electric Terrain|[from] ability: Electric Surge|[of] p1a: Tapu Koko\n|\n|upkeep\n|\n|t:|1790449958\n|switch|p2a: Heatran|Heatran, M|100/100\n|-damage|p2a: Heatran|88/100|[from] Stealth Rock\n|-item|p2a: Heatran|Air Balloon\n|turn|9\n|\n|t:|1790449967\n|move|p1a: Tapu Koko|U-turn|p2a: Heatran\n|-resisted|p2a: Heatran\n|-damage|p2a: Heatran|84/100\n|-enditem|p2a: Heatran|Air Balloon\n|\n|t:|1790449969\n|switch|p1a: Mandibuzz|Mandibuzz, F|100/100|[from] U-turn\n|move|p2a: Heatran|Earth Power|p1a: Mandibuzz\n|-immune|p1a: Mandibuzz\n|\n|upkeep\n|turn|10\n|\n|t:|1790449978\n|move|p2a: Heatran|Eruption|p1a: Mandibuzz\n|-damage|p1a: Mandibuzz|55/100\n|move|p1a: Mandibuzz|U-turn|p2a: Heatran\n|-resisted|p2a: Heatran\n|-damage|p2a: Heatran|81/100\n|\n|t:|1790449981\n|switch|p1a: Kartana|Kartana|72/100|[from] U-turn\n|\n|upkeep\n|turn|11\n|\n|t:|1790449990\n|switch|p2a: Tornadus|Tornadus-Therian, M|100/100\n|-damage|p2a: Tornadus|76/100|[from] Stealth Rock\n|move|p1a: Kartana|Sacred Sword|p2a: Tornadus\n|-resisted|p2a: Tornadus\n|-damage|p2a: Tornadus|45/100\n|\n|upkeep\n|turn|12\n|\n|t:|1790450009\n|switch|p1a: Mandibuzz|Mandibuzz, F|55/100\n|move|p2a: Tornadus|U-turn|p1a: Mandibuzz\n|-damage|p1a: Mandibuzz|46/100\n|\n|t:|1790450025\n|switch|p2a: Weavile|Weavile, M|100/100|[from] U-turn\n|-ability|p2a: Weavile|Pressure\n|\n|-fieldend|move: Electric Terrain\n|upkeep\n|turn|13\n|\n|t:|1790450033\n|move|p2a: Weavile|Knock Off|p1a: Mandibuzz\n|-resisted|p1a: Mandibuzz\n|-damage|p1a: Mandibuzz|32/100\n|-enditem|p1a: Mandibuzz|Heavy-Duty Boots|[from] move: Knock Off|[of] p2a: Weavile\n|move|p1a: Mandibuzz|U-turn|p2a: Weavile\n|-supereffective|p2a: Weavile\n|-damage|p2a: Weavile|63/100\n|\n|t:|1790450046\n|switch|p1a: Tapu Koko|Tapu Koko|100/100|[from] U-turn\n|-fieldstart|move: Electric Terrain|[from] ability: Electric Surge|[of] p1a: Tapu Koko\n|\n|upkeep\n|turn|14\n|\n|t:|1790450052\n|switch|p2a: Ferrothorn|Ferrothorn, M|61/100\n|-damage|p2a: Ferrothorn|55/100|[from] Stealth Rock\n|move|p1a: Tapu Koko|Thunderbolt|p2a: Ferrothorn\n|-resisted|p2a: Ferrothorn\n|-damage|p2a: Ferrothorn|32/100\n|\n|upkeep\n|turn|15\n|\n|t:|1790450057\n|switch|p1a: Kartana|Kartana|72/100\n|move|p2a: Ferrothorn|Stealth Rock|p1a: Kartana\n|-sidestart|p1: sequoia|move: Stealth Rock\n|\n|upkeep\n|turn|16\n|\n|t:|1790450064\n|move|p1a: Kartana|Sacred Sword|p2a: Ferrothorn\n|-supereffective|p2a: Ferrothorn\n|-damage|p2a: Ferrothorn|0 fnt\n|-damage|p1a: Kartana|59/100|[from] ability: Iron Barbs|[of] p2a: Ferrothorn\n|faint|p2a: Ferrothorn\n|-ability|p1a: Kartana|Beast Boost|boost\n|-boost|p1a: Kartana|atk|1\n|\n|upkeep\n|\n|t:|1790450072\n|switch|p2a: Volcanion|Volcanion|100/100\n|-damage|p2a: Volcanion|76/100|[from] Stealth Rock\n|turn|17\n|\n|t:|1790450082\n|move|p1a: Kartana|Sacred Sword|p2a: Volcanion\n|-damage|p2a: Volcanion|0 fnt\n|faint|p2a: Volcanion\n|-ability|p1a: Kartana|Beast Boost|boost\n|-boost|p1a: Kartana|atk|1\n|\n|-fieldend|move: Electric Terrain\n|upkeep\n|\n|t:|1790450088\n|switch|p2a: Tornadus|Tornadus-Therian, M|78/100\n|-damage|p2a: Tornadus|54/100|[from] Stealth Rock\n|turn|18\n|\n|t:|1790450096\n|switch|p1a: Mandibuzz|Mandibuzz, F|32/100\n|-damage|p1a: Mandibuzz|7/100|[from] Stealth Rock\n|move|p2a: Tornadus|Heat Wave|p1a: Mandibuzz\n|-damage|p1a: Mandibuzz|0 fnt\n|faint|p1a: Mandibuzz\n|\n|upkeep\n|\n|t:|1790450121\n|switch|p1a: Slowking|Slowking, F|93/100\n|-damage|p1a: Slowking|80/100|[from] Stealth Rock\n|turn|19\n|inactive|sequoia has 270 seconds left.\n|inactive|pengu has 270 seconds left.\n|\n|t:|1790450156\n|move|p2a: Tornadus|U-turn|p1a: Slowking\n|-supereffective|p1a: Slowking\n|-damage|p1a: Slowking|55/100\n|\n|t:|1790450157\n|switch|p2a: Weavile|Weavile, M|63/100|[from] U-turn\n|-ability|p2a: Weavile|Pressure\n|move|p1a: Slowking|Scald|p2a: Weavile\n|-damage|p2a: Weavile|25/100\n|\n|upkeep\n|turn|20\n|\n|t:|1790450163\n|switch|p1a: Landorus|Landorus-Therian, M|54/100\n|-damage|p1a: Landorus|41/100|[from] Stealth Rock\n|-ability|p1a: Landorus|Intimidate|boost\n|-unboost|p2a: Weavile|atk|1\n|move|p2a: Weavile|Triple Axel|p1a: Landorus|[miss]\n|-miss|p2a: Weavile|p1a: Landorus\n|\n|upkeep\n|turn|21\n|\n|t:|1790450169\n|move|p2a: Weavile|Triple Axel|p1a: Landorus\n|-supereffective|p1a: Landorus\n|-damage|p1a: Landorus|23/100\n|-hitcount|p1a: Landorus|1\n|move|p1a: Landorus|U-turn|p2a: Weavile\n|-supereffective|p2a: Weavile\n|-damage|p2a: Weavile|0 fnt\n|faint|p2a: Weavile\n|\n|t:|1790450175\n|switch|p1a: Tapu Koko|Tapu Koko|100/100|[from] U-turn\n|-fieldstart|move: Electric Terrain|[from] ability: Electric Surge|[of] p1a: Tapu Koko\n|\n|upkeep\n|\n|t:|1790450185\n|switch|p2a: Heatran|Heatran, M|81/100\n|-damage|p2a: Heatran|69/100|[from] Stealth Rock\n|turn|22\n|\n|t:|1790450192\n|move|p1a: Tapu Koko|U-turn|p2a: Heatran\n|-resisted|p2a: Heatran\n|-damage|p2a: Heatran|65/100\n|\n|t:|1790450193\n|switch|p1a: Landorus|Landorus-Therian, M|23/100|[from] U-turn\n|-damage|p1a: Landorus|10/100|[from] Stealth Rock\n|-ability|p1a: Landorus|Intimidate|boost\n|-unboost|p2a: Heatran|atk|1\n|move|p2a: Heatran|Magma Storm|p1a: Landorus\n|-damage|p1a: Landorus|0 fnt\n|faint|p1a: Landorus\n|\n|upkeep\n|\n|t:|1790450195\n|switch|p1a: Slowking|Slowking, F|88/100\n|-damage|p1a: Slowking|76/100|[from] Stealth Rock\n|turn|23\n|\n|t:|1790450204\n|switch|p2a: Tornadus|Tornadus-Therian, M|87/100\n|-damage|p2a: Tornadus|62/100|[from] Stealth Rock\n|move|p1a: Slowking|Teleport|p1a: Slowking\n|\n|t:|1790450206\n|switch|p1a: Tapu Koko|Tapu Koko|100/100|[from] Teleport\n|\n|upkeep\n|turn|24\n|\n|t:|1790450223\n|move|p1a: Tapu Koko|Thunderbolt|p2a: Tornadus\n|-supereffective|p2a: Tornadus\n|-damage|p2a: Tornadus|0 fnt\n|faint|p2a: Tornadus\n|\n|upkeep\n|\n|t:|1790450225\n|switch|p2a: Heatran|Heatran, M|65/100\n|-damage|p2a: Heatran|53/100|[from] Stealth Rock\n|turn|25\n|\n|t:|1790450228\n|move|p1a: Tapu Koko|Thunderbolt|p2a: Heatran\n|-damage|p2a: Heatran|0 fnt\n|faint|p2a: Heatran\n|\n|win|sequoia\n|c|\u2606pengu|gg\n|c|\u2606sequoia|gg\n", "uploadtime": 1790450228, "views": "47", "formatid": "gen8ou", "rating": null, "private": 0, "password": null}