{"id": "smogtours-gen8ou-974969", "format": "[Gen 8] OU", "players": ["memphisdepayy", "Coach Jones 6fifth"], "log": "|inactive|Battle timer is ON: inactive players will automatically lose when time's up.\n|t:|1790529046\n|gametype|singles\n|player|p1|memphisdepayy|#scl6islanders2|\n|player|p2|Coach Jones 6fifth|lusamine-nihilego|\n|gen|8\n|tier|[Gen 8] OU\n|rule|HP Percentage Mod: HP is shown in percentages\n|rule|Endless Battle Clause: Forcing endless battles is banned\n|rule|Sleep Clause Mod: Limit one foe put to sleep\n|rule|Species Clause: Limit one of each Pok\u00e9mon\n|rule|OHKO Clause: OHKO moves are banned\n|rule|Evasion Items Clause: Evasion items are banned\n|rule|Evasion Moves Clause: Evasion moves are banned\n|rule|Dynamax Clause: You cannot dynamax\n|clearpoke\n|poke|p1|Regidrago|\n|poke|p1|Nidoking, M|\n|poke|p1|Urshifu-*, F|\n|poke|p1|Tornadus-Therian, M|\n|poke|p1|Ferrothorn, F|\n|poke|p1|Landorus-Therian, M|\n|poke|p2|Tapu Lele|\n|poke|p2|Landorus-Therian, M|\n|poke|p2|Melmetal|\n|poke|p2|Urshifu-*, F|\n|poke|p2|Blacephalon|\n|poke|p2|Zapdos|\n|teampreview\n|c|\u2606memphisdepayy|hf\n|c|\u2606Coach Jones 6fifth|Hd\n|c|\u2606Coach Jones 6fifth|f\n|inactive|memphisdepayy has 270 seconds left.\n|inactive|Coach Jones 6fifth has 270 seconds left.\n|\n|t:|1790529085\n|teamsize|p1|6\n|teamsize|p2|6\n|start\n|switch|p1a: Urshifu|Urshifu-Rapid-Strike, F|100/100\n|switch|p2a: Zapdos|Zapdos|100/100\n|turn|1\n|\n|t:|1790529090\n|switch|p1a: Tornadus|Tornadus-Therian, M|100/100\n|move|p2a: Zapdos|Hurricane|p1a: Tornadus\n|-damage|p1a: Tornadus|70/100\n|\n|upkeep\n|turn|2\n|\n|t:|1790529094\n|switch|p1a: Landorus|Landorus-Therian, M|100/100\n|-ability|p1a: Landorus|Intimidate|boost\n|-unboost|p2a: Zapdos|atk|1\n|move|p2a: Zapdos|Volt Switch|p1a: Landorus\n|-immune|p1a: Landorus\n|\n|upkeep\n|turn|3\n|\n|t:|1790529097\n|switch|p2a: Urshifu|Urshifu-Rapid-Strike, F|100/100\n|move|p1a: Landorus|Toxic|p2a: Urshifu|[miss]\n|-miss|p1a: Landorus|p2a: Urshifu\n|\n|upkeep\n|turn|4\n|\n|t:|1790529101\n|switch|p1a: Tornadus|Tornadus-Therian, M|100/100\n|move|p2a: Urshifu|Surging Strikes|p1a: Tornadus\n|-crit|p1a: Tornadus\n|-damage|p1a: Tornadus|79/100\n|-crit|p1a: Tornadus\n|-damage|p1a: Tornadus|60/100\n|-crit|p1a: Tornadus\n|-damage|p1a: Tornadus|41/100\n|-hitcount|p1a: Tornadus|3\n|\n|upkeep\n|turn|5\n|\n|t:|1790529108\n|switch|p1a: Ferrothorn|Ferrothorn, F|100/100\n|switch|p2a: Blacephalon|Blacephalon|100/100\n|\n|upkeep\n|turn|6\n|\n|t:|1790529113\n|switch|p1a: Tornadus|Tornadus-Therian, M|74/100\n|move|p2a: Blacephalon|Flamethrower|p1a: Tornadus\n|-damage|p1a: Tornadus|37/100\n|\n|upkeep\n|turn|7\n|\n|t:|1790529119\n|switch|p1a: Urshifu|Urshifu-Rapid-Strike, F|100/100\n|move|p2a: Blacephalon|Flamethrower|p1a: Urshifu\n|-resisted|p1a: Urshifu\n|-damage|p1a: Urshifu|62/100\n|\n|upkeep\n|turn|8\n|\n|t:|1790529122\n|switch|p2a: Zapdos|Zapdos|100/100\n|switch|p1a: Nidoking|Nidoking, M|100/100\n|\n|upkeep\n|turn|9\n|\n|t:|1790529126\n|switch|p2a: Melmetal|Melmetal|100/100\n|move|p1a: Nidoking|Flamethrower|p2a: Melmetal\n|-supereffective|p2a: Melmetal\n|-damage|p2a: Melmetal|53/100\n|\n|upkeep\n|turn|10\n|\n|t:|1790529150\n|move|p1a: Nidoking|Earth Power|p2a: Melmetal\n|-supereffective|p2a: Melmetal\n|-damage|p2a: Melmetal|0 fnt\n|faint|p2a: Melmetal\n|\n|upkeep\n|\n|t:|1790529158\n|switch|p2a: Urshifu|Urshifu-Rapid-Strike, F|100/100\n|turn|11\n|\n|t:|1790529166\n|switch|p1a: Regidrago|Regidrago|100/100\n|move|p2a: Urshifu|Surging Strikes|p1a: Regidrago\n|-resisted|p1a: Regidrago\n|-crit|p1a: Regidrago\n|-damage|p1a: Regidrago|89/100\n|-resisted|p1a: Regidrago\n|-crit|p1a: Regidrago\n|-damage|p1a: Regidrago|79/100\n|-resisted|p1a: Regidrago\n|-crit|p1a: Regidrago\n|-damage|p1a: Regidrago|68/100\n|-hitcount|p1a: Regidrago|3\n|\n|upkeep\n|turn|12\n|\n|t:|1790529170\n|switch|p2a: Tapu Lele|Tapu Lele|100/100\n|-fieldstart|move: Psychic Terrain|[from] ability: Psychic Surge|[of] p2a: Tapu Lele\n|move|p1a: Regidrago|Body Slam|p2a: Tapu Lele\n|-damage|p2a: Tapu Lele|77/100\n|\n|upkeep\n|turn|13\n|\n|t:|1790529179\n|switch|p1a: Ferrothorn|Ferrothorn, F|100/100\n|move|p2a: Tapu Lele|Psyshock|p1a: Ferrothorn\n|-resisted|p1a: Ferrothorn\n|-damage|p1a: Ferrothorn|84/100\n|\n|-heal|p1a: Ferrothorn|91/100|[from] item: Leftovers\n|upkeep\n|turn|14\n|\n|t:|1790529186\n|switch|p2a: Blacephalon|Blacephalon|100/100\n|move|p1a: Ferrothorn|Stealth Rock|p2a: Blacephalon\n|-sidestart|p2: Coach Jones 6fifth|move: Stealth Rock\n|\n|-heal|p1a: Ferrothorn|97/100|[from] item: Leftovers\n|upkeep\n|turn|15\n|\n|t:|1790529192\n|switch|p1a: Regidrago|Regidrago|68/100\n|move|p2a: Blacephalon|Flamethrower|p1a: Regidrago\n|-resisted|p1a: Regidrago\n|-damage|p1a: Regidrago|39/100\n|\n|upkeep\n|turn|16\n|\n|t:|1790529198\n|switch|p2a: Tapu Lele|Tapu Lele|77/100\n|-damage|p2a: Tapu Lele|64/100|[from] Stealth Rock\n|move|p1a: Regidrago|Body Slam|p2a: Tapu Lele\n|-damage|p2a: Tapu Lele|41/100\n|\n|-fieldend|move: Psychic Terrain\n|upkeep\n|turn|17\n|\n|t:|1790529204\n|switch|p1a: Tornadus|Tornadus-Therian, M|70/100\n|move|p2a: Tapu Lele|Psyshock|p1a: Tornadus\n|-damage|p1a: Tornadus|26/100\n|\n|upkeep\n|turn|18\n|\n|t:|1790529210\n|switch|p1a: Ferrothorn|Ferrothorn, F|97/100\n|move|p2a: Tapu Lele|Focus Blast|p1a: Ferrothorn\n|-supereffective|p1a: Ferrothorn\n|-damage|p1a: Ferrothorn|26/100\n|\n|-heal|p1a: Ferrothorn|32/100|[from] item: Leftovers\n|upkeep\n|turn|19\n|\n|t:|1790529220\n|switch|p2a: Zapdos|Zapdos|100/100\n|move|p1a: Ferrothorn|Power Whip|p2a: Zapdos\n|-resisted|p2a: Zapdos\n|-damage|p2a: Zapdos|86/100\n|-status|p1a: Ferrothorn|par|[from] ability: Static|[of] p2a: Zapdos\n|\n|-heal|p1a: Ferrothorn|38/100 par|[from] item: Leftovers\n|upkeep\n|turn|20\n|\n|t:|1790529229\n|switch|p1a: Regidrago|Regidrago|39/100\n|move|p2a: Zapdos|Defog|p1a: Regidrago\n|-unboost|p1a: Regidrago|evasion|1\n|-sideend|p2: Coach Jones 6fifth|Stealth Rock|[from] move: Defog|[of] p2a: Zapdos\n|\n|upkeep\n|turn|21\n|\n|t:|1790529235\n|switch|p2a: Tapu Lele|Tapu Lele|41/100\n|-fieldstart|move: Psychic Terrain|[from] ability: Psychic Surge|[of] p2a: Tapu Lele\n|move|p1a: Regidrago|Draco Meteor|p2a: Tapu Lele\n|-immune|p2a: Tapu Lele\n|\n|upkeep\n|turn|22\n|\n|t:|1790529239\n|switch|p1a: Ferrothorn|Ferrothorn, F|38/100 par\n|move|p2a: Tapu Lele|Moonblast|p1a: Ferrothorn\n|-resisted|p1a: Ferrothorn\n|-damage|p1a: Ferrothorn|16/100 par\n|\n|-heal|p1a: Ferrothorn|23/100 par|[from] item: Leftovers\n|upkeep\n|turn|23\n|\n|t:|1790529268\n|move|p2a: Tapu Lele|Moonblast|p1a: Ferrothorn\n|-resisted|p1a: Ferrothorn\n|-damage|p1a: Ferrothorn|0 fnt\n|faint|p1a: Ferrothorn\n|\n|upkeep\n|\n|t:|1790529289\n|switch|p1a: Tornadus|Tornadus-Therian, M|59/100\n|turn|24\n|\n|t:|1790529296\n|move|p1a: Tornadus|U-turn|p2a: Tapu Lele\n|-damage|p2a: Tapu Lele|23/100\n|\n|t:|1790529300\n|switch|p1a: Regidrago|Regidrago|39/100|[from] U-turn\n|move|p2a: Tapu Lele|Psyshock|p1a: Regidrago\n|-damage|p1a: Regidrago|0 fnt\n|faint|p1a: Regidrago\n|\n|upkeep\n|\n|t:|1790529305\n|switch|p1a: Urshifu|Urshifu-Rapid-Strike, F|62/100\n|turn|25\n|\n|t:|1790529311\n|move|p1a: Urshifu|U-turn|p2a: Tapu Lele\n|-damage|p2a: Tapu Lele|0 fnt\n|faint|p2a: Tapu Lele\n|\n|t:|1790529316\n|switch|p1a: Tornadus|Tornadus-Therian, M|92/100|[from] U-turn\n|\n|-fieldend|move: Psychic Terrain\n|upkeep\n|\n|t:|1790529320\n|switch|p2a: Landorus|Landorus-Therian, M|100/100\n|-ability|p2a: Landorus|Intimidate|boost\n|-unboost|p1a: Tornadus|atk|1\n|turn|26\n|\n|t:|1790529322\n|move|p1a: Tornadus|U-turn|p2a: Landorus\n|-resisted|p2a: Landorus\n|-damage|p2a: Landorus|96/100\n|\n|t:|1790529324\n|switch|p1a: Urshifu|Urshifu-Rapid-Strike, F|62/100|[from] U-turn\n|move|p2a: Landorus|Toxic|p1a: Urshifu\n|-status|p1a: Urshifu|tox\n|\n|-heal|p2a: Landorus|100/100|[from] item: Leftovers\n|-damage|p1a: Urshifu|56/100 tox|[from] psn\n|upkeep\n|turn|27\n|\n|t:|1790529331\n|switch|p2a: Urshifu|Urshifu-Rapid-Strike, F|100/100\n|move|p1a: Urshifu|Surging Strikes|p2a: Urshifu\n|-resisted|p2a: Urshifu\n|-crit|p2a: Urshifu\n|-damage|p2a: Urshifu|91/100\n|-resisted|p2a: Urshifu\n|-crit|p2a: Urshifu\n|-damage|p2a: Urshifu|81/100\n|-resisted|p2a: Urshifu\n|-crit|p2a: Urshifu\n|-damage|p2a: Urshifu|71/100\n|-hitcount|p2a: Urshifu|3\n|\n|-damage|p1a: Urshifu|44/100 tox|[from] psn\n|upkeep\n|turn|28\n|\n|t:|1790529338\n|switch|p1a: Tornadus|Tornadus-Therian, M|100/100\n|move|p2a: Urshifu|Surging Strikes|p1a: Tornadus\n|-crit|p1a: Tornadus\n|-damage|p1a: Tornadus|82/100\n|-crit|p1a: Tornadus\n|-damage|p1a: Tornadus|60/100\n|-crit|p1a: Tornadus\n|-damage|p1a: Tornadus|41/100\n|-hitcount|p1a: Tornadus|3\n|\n|upkeep\n|turn|29\n|\n|t:|1790529344\n|switch|p2a: Blacephalon|Blacephalon|100/100\n|move|p1a: Tornadus|U-turn|p2a: Blacephalon\n|-resisted|p2a: Blacephalon\n|-damage|p2a: Blacephalon|92/100\n|\n|t:|1790529347\n|switch|p1a: Landorus|Landorus-Therian, M|100/100|[from] U-turn\n|-ability|p1a: Landorus|Intimidate|boost\n|-unboost|p2a: Blacephalon|atk|1\n|\n|upkeep\n|turn|30\n|\n|t:|1790529352\n|switch|p2a: Landorus|Landorus-Therian, M|100/100\n|-ability|p2a: Landorus|Intimidate|boost\n|-unboost|p1a: Landorus|atk|1\n|move|p1a: Landorus|U-turn|p2a: Landorus\n|-resisted|p2a: Landorus\n|-damage|p2a: Landorus|93/100\n|\n|t:|1790529355\n|switch|p1a: Nidoking|Nidoking, M|100/100|[from] U-turn\n|\n|-heal|p2a: Landorus|99/100|[from] item: Leftovers\n|upkeep\n|turn|31\n|\n|t:|1790529361\n|switch|p1a: Tornadus|Tornadus-Therian, M|75/100\n|move|p2a: Landorus|U-turn|p1a: Tornadus\n|-resisted|p1a: Tornadus\n|-damage|p1a: Tornadus|63/100\n|\n|t:|1790529365\n|switch|p2a: Zapdos|Zapdos|86/100|[from] U-turn\n|\n|upkeep\n|turn|32\n|\n|t:|1790529370\n|switch|p1a: Nidoking|Nidoking, M|100/100\n|switch|p2a: Urshifu|Urshifu-Rapid-Strike, F|71/100\n|\n|upkeep\n|turn|33\n|\n|t:|1790529375\n|switch|p1a: Tornadus|Tornadus-Therian, M|96/100\n|move|p2a: Urshifu|Surging Strikes|p1a: Tornadus\n|-crit|p1a: Tornadus\n|-damage|p1a: Tornadus|75/100\n|-crit|p1a: Tornadus\n|-damage|p1a: Tornadus|54/100\n|-crit|p1a: Tornadus\n|-damage|p1a: Tornadus|33/100\n|-hitcount|p1a: Tornadus|3\n|\n|upkeep\n|turn|34\n|\n|t:|1790529380\n|switch|p2a: Blacephalon|Blacephalon|92/100\n|move|p1a: Tornadus|Hurricane|p2a: Blacephalon|[miss]\n|-miss|p1a: Tornadus|p2a: Blacephalon\n|\n|upkeep\n|turn|35\n|\n|t:|1790529384\n|switch|p1a: Landorus|Landorus-Therian, M|100/100\n|-ability|p1a: Landorus|Intimidate|boost\n|-unboost|p2a: Blacephalon|atk|1\n|move|p2a: Blacephalon|Flamethrower|p1a: Landorus\n|-damage|p1a: Landorus|59/100\n|\n|-heal|p1a: Landorus|65/100|[from] item: Leftovers\n|upkeep\n|turn|36\n|\n|t:|1790529387\n|switch|p2a: Landorus|Landorus-Therian, M|99/100\n|-ability|p2a: Landorus|Intimidate|boost\n|-unboost|p1a: Landorus|atk|1\n|move|p1a: Landorus|Earthquake|p2a: Landorus\n|-immune|p2a: Landorus\n|\n|-heal|p2a: Landorus|100/100|[from] item: Leftovers\n|-heal|p1a: Landorus|71/100|[from] item: Leftovers\n|upkeep\n|turn|37\n|\n|t:|1790529389\n|move|p2a: Landorus|Stealth Rock|p1a: Landorus\n|-sidestart|p1: memphisdepayy|move: Stealth Rock\n|move|p1a: Landorus|Toxic|p2a: Landorus\n|-status|p2a: Landorus|tox\n|\n|-heal|p1a: Landorus|77/100|[from] item: Leftovers\n|-damage|p2a: Landorus|94/100 tox|[from] psn\n|upkeep\n|turn|38\n|\n|t:|1790529393\n|move|p2a: Landorus|U-turn|p1a: Landorus\n|-resisted|p1a: Landorus\n|-damage|p1a: Landorus|67/100\n|\n|t:|1790529394\n|switch|p2a: Urshifu|Urshifu-Rapid-Strike, F|71/100|[from] U-turn\n|move|p1a: Landorus|Defog|p2a: Urshifu\n|-unboost|p2a: Urshifu|evasion|1\n|-sideend|p1: memphisdepayy|Stealth Rock|[from] move: Defog|[of] p1a: Landorus\n|\n|-heal|p1a: Landorus|73/100|[from] item: Leftovers\n|upkeep\n|turn|39\n|\n|t:|1790529400\n|switch|p1a: Urshifu|Urshifu-Rapid-Strike, F|44/100 tox\n|move|p2a: Urshifu|Surging Strikes|p1a: Urshifu\n|-resisted|p1a: Urshifu\n|-crit|p1a: Urshifu\n|-damage|p1a: Urshifu|34/100 tox\n|-resisted|p1a: Urshifu\n|-crit|p1a: Urshifu\n|-damage|p1a: Urshifu|24/100 tox\n|-resisted|p1a: Urshifu\n|-crit|p1a: Urshifu\n|-damage|p1a: Urshifu|14/100 tox\n|-hitcount|p1a: Urshifu|3\n|\n|-damage|p1a: Urshifu|8/100 tox|[from] psn\n|upkeep\n|turn|40\n|\n|t:|1790529406\n|switch|p2a: Blacephalon|Blacephalon|92/100\n|move|p1a: Urshifu|Close Combat|p2a: Blacephalon\n|-immune|p2a: Blacephalon\n|\n|-damage|p1a: Urshifu|0 fnt|[from] psn\n|faint|p1a: Urshifu\n|upkeep\n|\n|t:|1790529409\n|switch|p1a: Tornadus|Tornadus-Therian, M|66/100\n|turn|41\n|\n|t:|1790529416\n|switch|p2a: Landorus|Landorus-Therian, M|94/100 tox\n|-ability|p2a: Landorus|Intimidate|boost\n|-unboost|p1a: Tornadus|atk|1\n|switch|p1a: Nidoking|Nidoking, M|100/100\n|\n|-heal|p2a: Landorus|100/100 tox|[from] item: Leftovers\n|-damage|p2a: Landorus|94/100 tox|[from] psn\n|upkeep\n|turn|42\n|\n|t:|1790529425\n|move|p1a: Nidoking|Sludge Wave|p2a: Landorus\n|-resisted|p2a: Landorus\n|-damage|p2a: Landorus|71/100 tox\n|move|p2a: Landorus|U-turn|p1a: Nidoking\n|-resisted|p1a: Nidoking\n|-damage|p1a: Nidoking|84/100\n|\n|t:|1790529429\n|switch|p2a: Urshifu|Urshifu-Rapid-Strike, F|71/100|[from] U-turn\n|\n|upkeep\n|turn|43\n|\n|t:|1790529434\n|switch|p1a: Tornadus|Tornadus-Therian, M|99/100\n|move|p2a: Urshifu|U-turn|p1a: Tornadus\n|-resisted|p1a: Tornadus\n|-damage|p1a: Tornadus|88/100\n|\n|t:|1790529435\n|switch|p2a: Landorus|Landorus-Therian, M|71/100 tox|[from] U-turn\n|-ability|p2a: Landorus|Intimidate|boost\n|-unboost|p1a: Tornadus|atk|1\n|\n|-heal|p2a: Landorus|77/100 tox|[from] item: Leftovers\n|-damage|p2a: Landorus|71/100 tox|[from] psn\n|upkeep\n|turn|44\n|\n|t:|1790529438\n|move|p1a: Tornadus|Hurricane|p2a: Landorus\n|-damage|p2a: Landorus|40/100 tox\n|-start|p2a: Landorus|confusion\n|-activate|p2a: Landorus|confusion\n|-damage|p2a: Landorus|27/100 tox|[from] confusion\n|\n|-heal|p2a: Landorus|33/100 tox|[from] item: Leftovers\n|-damage|p2a: Landorus|21/100 tox|[from] psn\n|upkeep\n|turn|45\n|\n|t:|1790529443\n|switch|p2a: Zapdos|Zapdos|86/100\n|move|p1a: Tornadus|Hurricane|p2a: Zapdos|[miss]\n|-miss|p1a: Tornadus|p2a: Zapdos\n|\n|upkeep\n|turn|46\n|\n|t:|1790529448\n|switch|p1a: Nidoking|Nidoking, M|84/100\n|move|p2a: Zapdos|Hurricane|p1a: Nidoking\n|-damage|p1a: Nidoking|20/100\n|\n|upkeep\n|turn|47\n|\n|t:|1790529452\n|switch|p2a: Blacephalon|Blacephalon|92/100\n|move|p1a: Nidoking|Ice Beam|p2a: Blacephalon\n|-resisted|p2a: Blacephalon\n|-damage|p2a: Blacephalon|58/100\n|\n|upkeep\n|turn|48\n|\n|t:|1790529460\n|switch|p1a: Tornadus|Tornadus-Therian, M|100/100\n|move|p2a: Blacephalon|Flamethrower|p1a: Tornadus\n|-damage|p1a: Tornadus|66/100\n|\n|upkeep\n|turn|49\n|\n|t:|1790529466\n|switch|p2a: Zapdos|Zapdos|86/100\n|move|p1a: Tornadus|U-turn|p2a: Zapdos\n|-resisted|p2a: Zapdos\n|-damage|p2a: Zapdos|81/100\n|-status|p1a: Tornadus|par|[from] ability: Static|[of] p2a: Zapdos\n|\n|t:|1790529469\n|switch|p1a: Nidoking|Nidoking, M|20/100|[from] U-turn\n|\n|upkeep\n|turn|50\n|\n|t:|1790529494\n|switch|p2a: Landorus|Landorus-Therian, M|21/100 tox\n|-ability|p2a: Landorus|Intimidate|boost\n|-unboost|p1a: Nidoking|atk|1\n|move|p1a: Nidoking|Earth Power|p2a: Landorus\n|-immune|p2a: Landorus\n|\n|-heal|p2a: Landorus|27/100 tox|[from] item: Leftovers\n|-damage|p2a: Landorus|21/100 tox|[from] psn\n|upkeep\n|turn|51\n|\n|t:|1790529498\n|move|p1a: Nidoking|Sludge Wave|p2a: Landorus\n|-resisted|p2a: Landorus\n|-damage|p2a: Landorus|0 fnt\n|faint|p2a: Landorus\n|\n|upkeep\n|\n|t:|1790529501\n|switch|p2a: Urshifu|Urshifu-Rapid-Strike, F|71/100\n|turn|52\n|\n|t:|1790529506\n|switch|p1a: Landorus|Landorus-Therian, M|73/100\n|-ability|p1a: Landorus|Intimidate|boost\n|-unboost|p2a: Urshifu|atk|1\n|move|p2a: Urshifu|Surging Strikes|p1a: Landorus\n|-supereffective|p1a: Landorus\n|-crit|p1a: Landorus\n|-damage|p1a: Landorus|36/100\n|-supereffective|p1a: Landorus\n|-crit|p1a: Landorus\n|-damage|p1a: Landorus|0 fnt\n|faint|p1a: Landorus\n|-hitcount|p1: Landorus|2\n|\n|upkeep\n|\n|t:|1790529508\n|switch|p1a: Tornadus|Tornadus-Therian, M|99/100 par\n|turn|53\n|\n|t:|1790529511\n|switch|p2a: Zapdos|Zapdos|81/100\n|move|p1a: Tornadus|Hurricane|p2a: Zapdos\n|-resisted|p2a: Zapdos\n|-crit|p2a: Zapdos\n|-damage|p2a: Zapdos|50/100\n|\n|upkeep\n|turn|54\n|\n|t:|1790529513\n|move|p2a: Zapdos|Roost|p2a: Zapdos\n|-heal|p2a: Zapdos|99/100\n|-singleturn|p2a: Zapdos|move: Roost\n|move|p1a: Tornadus|U-turn|p2a: Zapdos\n|-damage|p2a: Zapdos|91/100\n|\n|t:|1790529516\n|switch|p1a: Nidoking|Nidoking, M|20/100|[from] U-turn\n|\n|upkeep\n|turn|55\n|\n|t:|1790529522\n|switch|p2a: Blacephalon|Blacephalon|58/100\n|move|p1a: Nidoking|Ice Beam|p2a: Blacephalon\n|-resisted|p2a: Blacephalon\n|-damage|p2a: Blacephalon|24/100\n|\n|upkeep\n|turn|56\n|\n|t:|1790529527\n|switch|p1a: Tornadus|Tornadus-Therian, M|100/100 par\n|move|p2a: Blacephalon|Flamethrower|p1a: Tornadus\n|-damage|p1a: Tornadus|62/100 par\n|\n|upkeep\n|turn|57\n|\n|t:|1790529532\n|move|p2a: Blacephalon|Flamethrower|p1a: Tornadus\n|-damage|p1a: Tornadus|23/100 par\n|move|p1a: Tornadus|Knock Off|p2a: Blacephalon\n|-supereffective|p2a: Blacephalon\n|-damage|p2a: Blacephalon|0 fnt\n|-enditem|p2a: Blacephalon|Choice Scarf|[from] move: Knock Off|[of] p1a: Tornadus\n|faint|p2a: Blacephalon\n|\n|upkeep\n|\n|t:|1790529535\n|switch|p2a: Urshifu|Urshifu-Rapid-Strike, F|71/100\n|turn|58\n|\n|t:|1790529537\n|move|p2a: Urshifu|Surging Strikes|p1a: Tornadus\n|-crit|p1a: Tornadus\n|-damage|p1a: Tornadus|3/100 par\n|-crit|p1a: Tornadus\n|-damage|p1a: Tornadus|0 fnt\n|faint|p1a: Tornadus\n|-hitcount|p1: Tornadus|2\n|\n|upkeep\n|-message|memphisdepayy forfeited.\n|\n|win|Coach Jones 6fifth\n", "uploadtime": 1790529539, "views": "95", "formatid": "gen8ou", "rating": null, "private": 0, "password": null}