{"id": "smogtours-gen8ou-975135", "format": "[Gen 8] OU", "players": ["anos luz", "Hairoll"], "log": "|inactive|Battle timer is ON: inactive players will automatically lose when time's up.\n|t:|1790536732\n|gametype|singles\n|player|p1|anos luz|dawn|\n|player|p2|Hairoll|#rbtt9phantoms|\n|gen|8\n|tier|[Gen 8] OU\n|rule|HP Percentage Mod: HP is shown in percentages\n|rule|Endless Battle Clause: Forcing endless battles is banned\n|rule|Sleep Clause Mod: Limit one foe put to sleep\n|rule|Species Clause: Limit one of each Pok\u00e9mon\n|rule|OHKO Clause: OHKO moves are banned\n|rule|Evasion Items Clause: Evasion items are banned\n|rule|Evasion Moves Clause: Evasion moves are banned\n|rule|Dynamax Clause: You cannot dynamax\n|clearpoke\n|poke|p1|Hippowdon, F|\n|poke|p1|Melmetal|\n|poke|p1|Toxapex, M|\n|poke|p1|Clefable, F|\n|poke|p1|Tornadus-Therian, M|\n|poke|p1|Zapdos|\n|poke|p2|Slowking-Galar, F|\n|poke|p2|Heatran, M|\n|poke|p2|Gastrodon, F|\n|poke|p2|Rillaboom, F|\n|poke|p2|Kartana|\n|poke|p2|Zapdos|\n|teampreview\n|inactive|Hairoll also wants the timer to be on.\n|c|\u2606anos luz|hf\n|c|\u2606Hairoll|hf\n|inactive|anos luz has 270 seconds left.\n|inactive|Hairoll has 270 seconds left.\n|inactive|anos luz has 240 seconds left.\n|inactive|Hairoll has 240 seconds left.\n|inactive|anos luz has 210 seconds left.\n|inactive|Hairoll has 210 seconds left.\n|inactive|anos luz has 180 seconds left.\n|inactive|Hairoll has 180 seconds left.\n|inactive|Hairoll has 150 seconds left.\n|inactive|Hairoll has 120 seconds left.\n|\n|t:|1790536931\n|teamsize|p1|6\n|teamsize|p2|6\n|start\n|switch|p1a: Hippowdon|Hippowdon, F, shiny|100/100\n|switch|p2a: Kartana|Kartana|100/100\n|-weather|Sandstorm|[from] ability: Sand Stream|[of] p1a: Hippowdon\n|turn|1\n|\n|t:|1790536941\n|switch|p1a: Clefable|Clefable, F, shiny|100/100\n|move|p2a: Kartana|Knock Off|p1a: Clefable\n|-resisted|p1a: Clefable\n|-damage|p1a: Clefable|83/100\n|-enditem|p1a: Clefable|Heavy-Duty Boots|[from] move: Knock Off|[of] p2a: Kartana\n|\n|-weather|Sandstorm|[upkeep]\n|-damage|p1a: Clefable|77/100|[from] Sandstorm\n|upkeep\n|turn|2\n|inactive|Hairoll has 150 seconds left.\n|\n|t:|1790536975\n|switch|p2a: Zapdos|Zapdos|100/100\n|move|p1a: Clefable|Thunder Wave|p2a: Zapdos\n|-immune|p2a: Zapdos\n|\n|-weather|Sandstorm|[upkeep]\n|-damage|p2a: Zapdos|94/100|[from] Sandstorm\n|-damage|p1a: Clefable|71/100|[from] Sandstorm\n|upkeep\n|turn|3\n|inactive|Hairoll has 150 seconds left.\n|inactive|anos luz disconnected and has 300 seconds to reconnect!\n|player|p1|\n|inactive|anos luz has 270 seconds to reconnect!\n|inactive|anos luz reconnected and has 225 seconds left.\n|player|p1|anos luz|dawn|\n|\n|t:|1790537044\n|move|p2a: Zapdos|Hurricane|p1a: Clefable\n|-damage|p1a: Clefable|30/100\n|move|p1a: Clefable|Soft-Boiled|p1a: Clefable\n|-heal|p1a: Clefable|80/100\n|\n|-weather|Sandstorm|[upkeep]\n|-damage|p2a: Zapdos|88/100|[from] Sandstorm\n|-damage|p1a: Clefable|74/100|[from] Sandstorm\n|upkeep\n|turn|4\n|inactive|Hairoll has 150 seconds left.\n|\n|t:|1790537058\n|move|p2a: Zapdos|Hurricane|p1a: Clefable\n|-damage|p1a: Clefable|34/100\n|-start|p1a: Clefable|confusion\n|-activate|p1a: Clefable|confusion\n|move|p1a: Clefable|Soft-Boiled|p1a: Clefable\n|-heal|p1a: Clefable|84/100\n|\n|-weather|Sandstorm|[upkeep]\n|-damage|p2a: Zapdos|82/100|[from] Sandstorm\n|-damage|p1a: Clefable|78/100|[from] Sandstorm\n|upkeep\n|turn|5\n|\n|t:|1790537061\n|switch|p1a: Hippowdon|Hippowdon, F, shiny|100/100\n|move|p2a: Zapdos|Toxic|p1a: Hippowdon\n|-status|p1a: Hippowdon|tox\n|\n|-weather|none\n|-damage|p1a: Hippowdon|94/100 tox|[from] psn\n|upkeep\n|turn|6\n|\n|t:|1790537066\n|switch|p2a: Kartana|Kartana|100/100\n|move|p1a: Hippowdon|Stealth Rock|p2a: Kartana\n|-sidestart|p2: Hairoll|move: Stealth Rock\n|\n|-heal|p1a: Hippowdon|100/100 tox|[from] item: Leftovers\n|-damage|p1a: Hippowdon|88/100 tox|[from] psn\n|upkeep\n|turn|7\n|\n|t:|1790537074\n|switch|p1a: Tornadus|Tornadus-Therian, M, shiny|100/100\n|move|p2a: Kartana|Knock Off|p1a: Tornadus\n|-damage|p1a: Tornadus|47/100\n|-enditem|p1a: Tornadus|Heavy-Duty Boots|[from] move: Knock Off|[of] p2a: Kartana\n|\n|upkeep\n|turn|8\n|\n|t:|1790537080\n|switch|p2a: Zapdos|Zapdos|82/100\n|move|p1a: Tornadus|Knock Off|p2a: Zapdos\n|-damage|p2a: Zapdos|64/100\n|-enditem|p2a: Zapdos|Heavy-Duty Boots|[from] move: Knock Off|[of] p1a: Tornadus\n|\n|upkeep\n|turn|9\n|inactive|anos luz has 270 seconds left.\n|\n|t:|1790537085\n|switch|p1a: Melmetal|Melmetal, shiny|100/100\n|move|p2a: Zapdos|Roost|p2a: Zapdos\n|-heal|p2a: Zapdos|100/100\n|-singleturn|p2a: Zapdos|move: Roost\n|\n|upkeep\n|turn|10\n|\n|t:|1790537093\n|move|p2a: Zapdos|Volt Switch|p1a: Melmetal\n|-damage|p1a: Melmetal|72/100\n|\n|t:|1790537095\n|switch|p2a: Gastrodon|Gastrodon, F|100/100|[from] Volt Switch\n|-damage|p2a: Gastrodon|94/100|[from] Stealth Rock\n|move|p1a: Melmetal|Double Iron Bash|p2a: Gastrodon\n|-resisted|p2a: Gastrodon\n|-damage|p2a: Gastrodon|69/100\n|-resisted|p2a: Gastrodon\n|-damage|p2a: Gastrodon|47/100\n|-hitcount|p2a: Gastrodon|2\n|\n|-heal|p1a: Melmetal|78/100|[from] item: Leftovers\n|-heal|p2a: Gastrodon|53/100|[from] item: Leftovers\n|upkeep\n|turn|11\n|\n|t:|1790537103\n|move|p2a: Gastrodon|Protect|p2a: Gastrodon\n|-singleturn|p2a: Gastrodon|Protect\n|move|p1a: Melmetal|Double Iron Bash|p2a: Gastrodon\n|-activate|p2a: Gastrodon|move: Protect\n|\n|-heal|p1a: Melmetal|84/100|[from] item: Leftovers\n|-heal|p2a: Gastrodon|59/100|[from] item: Leftovers\n|upkeep\n|turn|12\n|\n|t:|1790537109\n|move|p1a: Melmetal|Double Iron Bash|p2a: Gastrodon\n|-resisted|p2a: Gastrodon\n|-damage|p2a: Gastrodon|36/100\n|-resisted|p2a: Gastrodon\n|-damage|p2a: Gastrodon|12/100\n|-hitcount|p2a: Gastrodon|2\n|move|p2a: Gastrodon|Recover|p2a: Gastrodon\n|-heal|p2a: Gastrodon|62/100\n|\n|-heal|p1a: Melmetal|91/100|[from] item: Leftovers\n|-heal|p2a: Gastrodon|68/100|[from] item: Leftovers\n|upkeep\n|turn|13\n|inactive|Hairoll has 210 seconds left.\n|\n|t:|1790537117\n|move|p2a: Gastrodon|Protect|p2a: Gastrodon\n|-singleturn|p2a: Gastrodon|Protect\n|move|p1a: Melmetal|Earthquake|p2a: Gastrodon\n|-activate|p2a: Gastrodon|move: Protect\n|\n|-heal|p1a: Melmetal|97/100|[from] item: Leftovers\n|-heal|p2a: Gastrodon|75/100|[from] item: Leftovers\n|upkeep\n|turn|14\n|\n|t:|1790537122\n|move|p1a: Melmetal|Double Iron Bash|p2a: Gastrodon\n|-resisted|p2a: Gastrodon\n|-damage|p2a: Gastrodon|49/100\n|-resisted|p2a: Gastrodon\n|-damage|p2a: Gastrodon|24/100\n|-hitcount|p2a: Gastrodon|2\n|move|p2a: Gastrodon|Recover|p2a: Gastrodon\n|-heal|p2a: Gastrodon|74/100\n|\n|-heal|p1a: Melmetal|100/100|[from] item: Leftovers\n|-heal|p2a: Gastrodon|80/100|[from] item: Leftovers\n|upkeep\n|turn|15\n|\n|t:|1790537131\n|switch|p1a: Tornadus|Tornadus-Therian, M, shiny|81/100\n|move|p2a: Gastrodon|Protect||[still]\n|-fail|p2a: Gastrodon\n|\n|-heal|p2a: Gastrodon|86/100|[from] item: Leftovers\n|upkeep\n|turn|16\n|\n|t:|1790537135\n|switch|p2a: Zapdos|Zapdos|100/100\n|-damage|p2a: Zapdos|76/100|[from] Stealth Rock\n|move|p1a: Tornadus|Knock Off|p2a: Zapdos\n|-damage|p2a: Zapdos|62/100\n|\n|upkeep\n|turn|17\n|inactive|Hairoll has 240 seconds left.\n|\n|t:|1790537150\n|switch|p1a: Clefable|Clefable, F, shiny|78/100\n|move|p2a: Zapdos|Volt Switch|p1a: Clefable\n|-damage|p1a: Clefable|51/100\n|\n|t:|1790537156\n|switch|p2a: Heatran|Heatran, M|100/100|[from] Volt Switch\n|-damage|p2a: Heatran|88/100|[from] Stealth Rock\n|\n|-heal|p2a: Heatran|94/100|[from] item: Leftovers\n|upkeep\n|turn|18\n|\n|t:|1790537169\n|switch|p1a: Toxapex|Toxapex, M, shiny|100/100\n|move|p2a: Heatran|Stealth Rock|p1a: Toxapex\n|-sidestart|p1: anos luz|move: Stealth Rock\n|\n|-heal|p2a: Heatran|100/100|[from] item: Leftovers\n|upkeep\n|turn|19\n|\n|t:|1790537188\n|switch|p2a: Zapdos|Zapdos|62/100\n|-damage|p2a: Zapdos|37/100|[from] Stealth Rock\n|move|p1a: Toxapex|Knock Off|p2a: Zapdos\n|-damage|p2a: Zapdos|27/100\n|\n|upkeep\n|turn|20\n|\n|t:|1790537193\n|move|p2a: Zapdos|Roost|p2a: Zapdos\n|-heal|p2a: Zapdos|77/100\n|-singleturn|p2a: Zapdos|move: Roost\n|move|p1a: Toxapex|Scald|p2a: Zapdos\n|-damage|p2a: Zapdos|62/100\n|-status|p2a: Zapdos|brn\n|\n|-damage|p2a: Zapdos|56/100 brn|[from] brn\n|upkeep\n|turn|21\n|inactive|Hairoll has 240 seconds left.\n|\n|t:|1790537199\n|move|p2a: Zapdos|Roost|p2a: Zapdos\n|-heal|p2a: Zapdos|100/100 brn\n|-singleturn|p2a: Zapdos|move: Roost\n|move|p1a: Toxapex|Knock Off|p2a: Zapdos\n|-crit|p2a: Zapdos\n|-damage|p2a: Zapdos|85/100 brn\n|-status|p1a: Toxapex|par|[from] ability: Static|[of] p2a: Zapdos\n|\n|-damage|p2a: Zapdos|79/100 brn|[from] brn\n|upkeep\n|turn|22\n|\n|t:|1790537202\n|move|p2a: Zapdos|Volt Switch|p1a: Toxapex\n|-supereffective|p1a: Toxapex\n|-damage|p1a: Toxapex|60/100 par\n|\n|t:|1790537212\n|switch|p2a: Slowking|Slowking-Galar, F|100/100|[from] Volt Switch\n|-damage|p2a: Slowking|88/100|[from] Stealth Rock\n|move|p1a: Toxapex|Knock Off|p2a: Slowking\n|-supereffective|p2a: Slowking\n|-damage|p2a: Slowking|65/100\n|-enditem|p2a: Slowking|Black Sludge|[from] move: Knock Off|[of] p1a: Toxapex\n|\n|upkeep\n|turn|23\n|\n|t:|1790537221\n|switch|p1a: Melmetal|Melmetal, shiny|100/100\n|-damage|p1a: Melmetal|94/100|[from] Stealth Rock\n|move|p2a: Slowking|Trick|p1a: Melmetal\n|-activate|p2a: Slowking|move: Trick|[of] p1a: Melmetal\n|-enditem|p1a: Melmetal|Leftovers|[silent]|[from] move: Trick\n|-item|p2a: Slowking|Leftovers|[from] move: Trick\n|\n|-heal|p2a: Slowking|71/100|[from] item: Leftovers\n|upkeep\n|turn|24\n|inactive|Hairoll has 240 seconds left.\n|\n|t:|1790537266\n|switch|p2a: Gastrodon|Gastrodon, F|86/100\n|-damage|p2a: Gastrodon|80/100|[from] Stealth Rock\n|move|p1a: Melmetal|Double Iron Bash|p2a: Gastrodon\n|-resisted|p2a: Gastrodon\n|-damage|p2a: Gastrodon|56/100\n|-resisted|p2a: Gastrodon\n|-damage|p2a: Gastrodon|32/100\n|-hitcount|p2a: Gastrodon|2\n|\n|-heal|p2a: Gastrodon|39/100|[from] item: Leftovers\n|upkeep\n|turn|25\n|\n|t:|1790537272\n|move|p2a: Gastrodon|Protect|p2a: Gastrodon\n|-singleturn|p2a: Gastrodon|Protect\n|move|p1a: Melmetal|Earthquake|p2a: Gastrodon\n|-activate|p2a: Gastrodon|move: Protect\n|\n|-heal|p2a: Gastrodon|45/100|[from] item: Leftovers\n|upkeep\n|turn|26\n|\n|t:|1790537290\n|switch|p2a: Kartana|Kartana|100/100\n|-damage|p2a: Kartana|94/100|[from] Stealth Rock\n|move|p1a: Melmetal|Double Iron Bash|p2a: Kartana\n|-resisted|p2a: Kartana\n|-crit|p2a: Kartana\n|-damage|p2a: Kartana|61/100\n|-resisted|p2a: Kartana\n|-damage|p2a: Kartana|37/100\n|-hitcount|p2a: Kartana|2\n|\n|upkeep\n|turn|27\n|\n|t:|1790537298\n|move|p1a: Melmetal|Protect|p1a: Melmetal\n|-singleturn|p1a: Melmetal|Protect\n|move|p2a: Kartana|Sacred Sword|p1a: Melmetal\n|-activate|p1a: Melmetal|move: Protect\n|\n|upkeep\n|turn|28\n|\n|t:|1790537302\n|switch|p1a: Zapdos|Zapdos, shiny|100/100\n|move|p2a: Kartana|Sacred Sword|p1a: Zapdos\n|-resisted|p1a: Zapdos\n|-damage|p1a: Zapdos|86/100\n|-status|p2a: Kartana|par|[from] ability: Static|[of] p1a: Zapdos\n|\n|upkeep\n|turn|29\n|\n|t:|1790537307\n|switch|p2a: Gastrodon|Gastrodon, F|45/100\n|-damage|p2a: Gastrodon|39/100|[from] Stealth Rock\n|move|p1a: Zapdos|Discharge|p2a: Gastrodon\n|-immune|p2a: Gastrodon\n|\n|-heal|p2a: Gastrodon|45/100|[from] item: Leftovers\n|upkeep\n|turn|30\n|\n|t:|1790537311\n|move|p1a: Zapdos|Defog|p2a: Gastrodon\n|-unboost|p2a: Gastrodon|evasion|1\n|-sideend|p2: Hairoll|Stealth Rock|[from] move: Defog|[of] p1a: Zapdos\n|-sideend|p1: anos luz|Stealth Rock|[from] move: Defog|[of] p1a: Zapdos\n|move|p2a: Gastrodon|Recover|p2a: Gastrodon\n|-heal|p2a: Gastrodon|95/100\n|\n|-heal|p2a: Gastrodon|100/100|[from] item: Leftovers\n|upkeep\n|turn|31\n|\n|t:|1790537319\n|switch|p1a: Clefable|Clefable, F, shiny|51/100\n|move|p2a: Gastrodon|Scald|p1a: Clefable\n|-damage|p1a: Clefable|28/100\n|-status|p1a: Clefable|brn\n|\n|-damage|p1a: Clefable|22/100 brn|[from] brn\n|upkeep\n|turn|32\n|\n|t:|1790537322\n|switch|p2a: Heatran|Heatran, M|100/100\n|move|p1a: Clefable|Soft-Boiled|p1a: Clefable\n|-heal|p1a: Clefable|72/100 brn\n|\n|-damage|p1a: Clefable|66/100 brn|[from] brn\n|upkeep\n|turn|33\n|inactive|Hairoll has 270 seconds left.\n|\n|t:|1790537333\n|move|p2a: Heatran|Stealth Rock|p1a: Clefable\n|-sidestart|p1: anos luz|move: Stealth Rock\n|move|p1a: Clefable|Thunder Wave|p2a: Heatran\n|-status|p2a: Heatran|par\n|\n|-damage|p1a: Clefable|60/100 brn|[from] brn\n|upkeep\n|turn|34\n|\n|t:|1790537341\n|switch|p1a: Toxapex|Toxapex, M, shiny|94/100 par\n|-damage|p1a: Toxapex|81/100 par|[from] Stealth Rock\n|move|p2a: Heatran|Magma Storm|p1a: Toxapex\n|-resisted|p1a: Toxapex\n|-damage|p1a: Toxapex|66/100 par\n|-activate|p1a: Toxapex|move: Magma Storm|[of] p2a: Heatran\n|\n|-damage|p1a: Toxapex|54/100 par|[from] move: Magma Storm|[partiallytrapped]\n|upkeep\n|turn|35\n|\n|t:|1790537355\n|switch|p2a: Zapdos|Zapdos|79/100 brn\n|switch|p1a: Hippowdon|Hippowdon, F, shiny|88/100 tox\n|-damage|p1a: Hippowdon|82/100 tox|[from] Stealth Rock\n|-weather|Sandstorm|[from] ability: Sand Stream|[of] p1a: Hippowdon\n|\n|-weather|Sandstorm|[upkeep]\n|-damage|p2a: Zapdos|73/100 brn|[from] Sandstorm\n|-heal|p1a: Hippowdon|88/100 tox|[from] item: Leftovers\n|-damage|p1a: Hippowdon|82/100 tox|[from] psn\n|-damage|p2a: Zapdos|67/100 brn|[from] brn\n|upkeep\n|turn|36\n|inactive|Hairoll has 270 seconds left.\n|\n|t:|1790537377\n|move|p2a: Zapdos|Hurricane|p1a: Hippowdon\n|-damage|p1a: Hippowdon|50/100 tox\n|move|p1a: Hippowdon|Stealth Rock|p2a: Zapdos\n|-sidestart|p2: Hairoll|move: Stealth Rock\n|\n|-weather|Sandstorm|[upkeep]\n|-damage|p2a: Zapdos|61/100 brn|[from] Sandstorm\n|-heal|p1a: Hippowdon|56/100 tox|[from] item: Leftovers\n|-damage|p1a: Hippowdon|43/100 tox|[from] psn\n|-damage|p2a: Zapdos|55/100 brn|[from] brn\n|upkeep\n|turn|37\n|inactive|Hairoll has 270 seconds left.\n|\n|t:|1790537382\n|move|p2a: Zapdos|Roost|p2a: Zapdos\n|-heal|p2a: Zapdos|100/100 brn\n|-singleturn|p2a: Zapdos|move: Roost\n|move|p1a: Hippowdon|Slack Off|p1a: Hippowdon\n|-heal|p1a: Hippowdon|94/100 tox\n|\n|-weather|Sandstorm|[upkeep]\n|-damage|p2a: Zapdos|94/100 brn|[from] Sandstorm\n|-heal|p1a: Hippowdon|99/100 tox|[from] item: Leftovers\n|-damage|p1a: Hippowdon|81/100 tox|[from] psn\n|-damage|p2a: Zapdos|88/100 brn|[from] brn\n|upkeep\n|turn|38\n|inactive|Hairoll has 270 seconds left.\n|\n|t:|1790537394\n|switch|p1a: Melmetal|Melmetal, shiny|94/100\n|-damage|p1a: Melmetal|88/100|[from] Stealth Rock\n|move|p2a: Zapdos|Hurricane|p1a: Melmetal\n|-resisted|p1a: Melmetal\n|-damage|p1a: Melmetal|66/100\n|\n|-weather|Sandstorm|[upkeep]\n|-damage|p2a: Zapdos|82/100 brn|[from] Sandstorm\n|-damage|p2a: Zapdos|76/100 brn|[from] brn\n|upkeep\n|turn|39\n|\n|t:|1790537403\n|move|p2a: Zapdos|Volt Switch|p1a: Melmetal\n|-damage|p1a: Melmetal|39/100\n|\n|t:|1790537405\n|switch|p2a: Gastrodon|Gastrodon, F|100/100|[from] Volt Switch\n|-damage|p2a: Gastrodon|94/100|[from] Stealth Rock\n|move|p1a: Melmetal|Earthquake|p2a: Gastrodon\n|-damage|p2a: Gastrodon|48/100\n|\n|-weather|none\n|-heal|p2a: Gastrodon|54/100|[from] item: Leftovers\n|upkeep\n|turn|40\n|\n|t:|1790537409\n|move|p1a: Melmetal|Earthquake|p2a: Gastrodon\n|-damage|p2a: Gastrodon|12/100\n|move|p2a: Gastrodon|Recover|p2a: Gastrodon\n|-heal|p2a: Gastrodon|63/100\n|\n|-heal|p2a: Gastrodon|69/100|[from] item: Leftovers\n|upkeep\n|turn|41\n|\n|t:|1790537414\n|switch|p1a: Clefable|Clefable, F, shiny|60/100 brn\n|-damage|p1a: Clefable|48/100 brn|[from] Stealth Rock\n|move|p2a: Gastrodon|Protect||[still]\n|-fail|p2a: Gastrodon\n|\n|-heal|p2a: Gastrodon|75/100|[from] item: Leftovers\n|-damage|p1a: Clefable|42/100 brn|[from] brn\n|upkeep\n|turn|42\n|\n|t:|1790537422\n|move|p1a: Clefable|Aromatherapy|p1a: Clefable\n|-activate|p1a: Clefable|move: Aromatherapy\n|-curestatus|p1a: Clefable|brn|[msg]\n|-curestatus|p1: Toxapex|par|[msg]\n|-curestatus|p1: Hippowdon|tox|[msg]\n|move|p2a: Gastrodon|Recover|p2a: Gastrodon\n|-heal|p2a: Gastrodon|100/100\n|\n|upkeep\n|turn|43\n|\n|t:|1790537428\n|move|p1a: Clefable|Soft-Boiled|p1a: Clefable\n|-heal|p1a: Clefable|92/100\n|move|p2a: Gastrodon|Scald|p1a: Clefable\n|-damage|p1a: Clefable|67/100\n|\n|upkeep\n|turn|44\n|\n|t:|1790537433\n|move|p1a: Clefable|Soft-Boiled|p1a: Clefable\n|-heal|p1a: Clefable|100/100\n|move|p2a: Gastrodon|Scald|p1a: Clefable\n|-damage|p1a: Clefable|77/100\n|-status|p1a: Clefable|brn\n|\n|-damage|p1a: Clefable|71/100 brn|[from] brn\n|upkeep\n|turn|45\n|\n|t:|1790537439\n|switch|p1a: Toxapex|Toxapex, M, shiny|87/100\n|-damage|p1a: Toxapex|75/100|[from] Stealth Rock\n|move|p2a: Gastrodon|Scald|p1a: Toxapex\n|-resisted|p1a: Toxapex\n|-damage|p1a: Toxapex|66/100\n|-status|p1a: Toxapex|brn\n|\n|-damage|p1a: Toxapex|60/100 brn|[from] brn\n|upkeep\n|turn|46\n|\n|t:|1790537451\n|switch|p2a: Zapdos|Zapdos|76/100 brn\n|-damage|p2a: Zapdos|52/100 brn|[from] Stealth Rock\n|move|p1a: Toxapex|Recover|p1a: Toxapex\n|-heal|p1a: Toxapex|100/100 brn\n|\n|-damage|p2a: Zapdos|46/100 brn|[from] brn\n|-damage|p1a: Toxapex|95/100 brn|[from] brn\n|upkeep\n|turn|47\n|\n|t:|1790537458\n|move|p2a: Zapdos|Roost|p2a: Zapdos\n|-heal|p2a: Zapdos|96/100 brn\n|-singleturn|p2a: Zapdos|move: Roost\n|move|p1a: Toxapex|Toxic Spikes|p2a: Zapdos\n|-sidestart|p2: Hairoll|move: Toxic Spikes\n|\n|-damage|p2a: Zapdos|90/100 brn|[from] brn\n|-damage|p1a: Toxapex|89/100 brn|[from] brn\n|upkeep\n|turn|48\n|\n|t:|1790537464\n|switch|p1a: Hippowdon|Hippowdon, F, shiny|81/100\n|-damage|p1a: Hippowdon|75/100|[from] Stealth Rock\n|-weather|Sandstorm|[from] ability: Sand Stream|[of] p1a: Hippowdon\n|move|p2a: Zapdos|Hurricane|p1a: Hippowdon\n|-crit|p1a: Hippowdon\n|-damage|p1a: Hippowdon|27/100\n|-start|p1a: Hippowdon|confusion\n|\n|-weather|Sandstorm|[upkeep]\n|-damage|p2a: Zapdos|83/100 brn|[from] Sandstorm\n|-heal|p1a: Hippowdon|33/100|[from] item: Leftovers\n|-damage|p2a: Zapdos|77/100 brn|[from] brn\n|upkeep\n|turn|49\n|\n|t:|1790537473\n|switch|p1a: Melmetal|Melmetal, shiny|39/100\n|-damage|p1a: Melmetal|33/100|[from] Stealth Rock\n|move|p2a: Zapdos|Hurricane|p1a: Melmetal\n|-resisted|p1a: Melmetal\n|-damage|p1a: Melmetal|10/100\n|\n|-weather|Sandstorm|[upkeep]\n|-damage|p2a: Zapdos|71/100 brn|[from] Sandstorm\n|-damage|p2a: Zapdos|65/100 brn|[from] brn\n|upkeep\n|turn|50\n|\n|t:|1790537477\n|move|p2a: Zapdos|Volt Switch|p1a: Melmetal\n|-damage|p1a: Melmetal|0 fnt\n|faint|p1a: Melmetal\n|inactive|Hairoll has 270 seconds left.\n|\n|t:|1790537510\n|switch|p2a: Slowking|Slowking-Galar, F|100/100|[from] Volt Switch\n|-damage|p2a: Slowking|88/100|[from] Stealth Rock\n|-sideend|p2: Hairoll|move: Toxic Spikes|[of] p2a: Slowking\n|\n|-weather|Sandstorm|[upkeep]\n|-damage|p2a: Slowking|82/100|[from] Sandstorm\n|-heal|p2a: Slowking|88/100|[from] item: Leftovers\n|upkeep\n|\n|t:|1790537515\n|switch|p1a: Hippowdon|Hippowdon, F, shiny|33/100\n|-damage|p1a: Hippowdon|27/100|[from] Stealth Rock\n|turn|51\n|\n|t:|1790537529\n|switch|p2a: Rillaboom|Rillaboom, F|100/100\n|-damage|p2a: Rillaboom|88/100|[from] Stealth Rock\n|-fieldstart|move: Grassy Terrain|[from] ability: Grassy Surge|[of] p2a: Rillaboom\n|move|p1a: Hippowdon|Slack Off|p1a: Hippowdon\n|-heal|p1a: Hippowdon|77/100\n|\n|-weather|Sandstorm|[upkeep]\n|-damage|p2a: Rillaboom|82/100|[from] Sandstorm\n|-heal|p2a: Rillaboom|88/100|[from] Grassy Terrain\n|-heal|p2a: Rillaboom|94/100|[from] item: Leftovers\n|-heal|p1a: Hippowdon|83/100|[from] Grassy Terrain\n|-heal|p1a: Hippowdon|89/100|[from] item: Leftovers\n|upkeep\n|turn|52\n|\n|t:|1790537535\n|switch|p2a: Kartana|Kartana|37/100 par\n|-damage|p2a: Kartana|31/100 par|[from] Stealth Rock\n|switch|p1a: Zapdos|Zapdos, shiny|86/100\n|\n|-weather|none\n|-heal|p2a: Kartana|37/100 par|[from] Grassy Terrain\n|upkeep\n|turn|53\n|\n|t:|1790537540\n|switch|p2a: Gastrodon|Gastrodon, F|100/100\n|-damage|p2a: Gastrodon|94/100|[from] Stealth Rock\n|move|p1a: Zapdos|Hurricane|p2a: Gastrodon\n|-damage|p2a: Gastrodon|65/100\n|\n|-heal|p2a: Gastrodon|71/100|[from] Grassy Terrain\n|-heal|p2a: Gastrodon|77/100|[from] item: Leftovers\n|upkeep\n|turn|54\n|\n|t:|1790537549\n|switch|p1a: Toxapex|Toxapex, M, shiny|100/100 brn\n|-damage|p1a: Toxapex|88/100 brn|[from] Stealth Rock\n|move|p2a: Gastrodon|Scald|p1a: Toxapex\n|-resisted|p1a: Toxapex\n|-damage|p1a: Toxapex|80/100 brn\n|\n|-heal|p2a: Gastrodon|84/100|[from] Grassy Terrain\n|-heal|p2a: Gastrodon|90/100|[from] item: Leftovers\n|-heal|p1a: Toxapex|86/100 brn|[from] Grassy Terrain\n|-damage|p1a: Toxapex|80/100 brn|[from] brn\n|upkeep\n|turn|55\n|\n|t:|1790537552\n|switch|p2a: Slowking|Slowking-Galar, F|100/100\n|-damage|p2a: Slowking|88/100|[from] Stealth Rock\n|move|p1a: Toxapex|Toxic Spikes|p2a: Slowking\n|-sidestart|p2: Hairoll|move: Toxic Spikes\n|\n|-heal|p2a: Slowking|94/100|[from] Grassy Terrain\n|-heal|p2a: Slowking|100/100|[from] item: Leftovers\n|-heal|p1a: Toxapex|86/100 brn|[from] Grassy Terrain\n|-damage|p1a: Toxapex|80/100 brn|[from] brn\n|-fieldend|move: Grassy Terrain\n|upkeep\n|turn|56\n|\n|t:|1790537556\n|switch|p1a: Hippowdon|Hippowdon, F, shiny|89/100\n|-damage|p1a: Hippowdon|83/100|[from] Stealth Rock\n|-weather|Sandstorm|[from] ability: Sand Stream|[of] p1a: Hippowdon\n|move|p2a: Slowking|Nasty Plot|p2a: Slowking\n|-boost|p2a: Slowking|spa|2\n|\n|-weather|Sandstorm|[upkeep]\n|-damage|p2a: Slowking|94/100|[from] Sandstorm\n|-heal|p1a: Hippowdon|89/100|[from] item: Leftovers\n|-heal|p2a: Slowking|100/100|[from] item: Leftovers\n|upkeep\n|turn|57\n|\n|t:|1790537566\n|switch|p2a: Zapdos|Zapdos|65/100 brn\n|-damage|p2a: Zapdos|41/100 brn|[from] Stealth Rock\n|move|p1a: Hippowdon|Earthquake|p2a: Zapdos\n|-immune|p2a: Zapdos\n|\n|-weather|Sandstorm|[upkeep]\n|-damage|p2a: Zapdos|35/100 brn|[from] Sandstorm\n|-heal|p1a: Hippowdon|95/100|[from] item: Leftovers\n|-damage|p2a: Zapdos|29/100 brn|[from] brn\n|upkeep\n|turn|58\n|\n|t:|1790537576\n|move|p2a: Zapdos|Toxic|p1a: Hippowdon\n|-status|p1a: Hippowdon|tox\n|move|p1a: Hippowdon|Earthquake|p2a: Zapdos\n|-immune|p2a: Zapdos\n|\n|-weather|Sandstorm|[upkeep]\n|-damage|p2a: Zapdos|22/100 brn|[from] Sandstorm\n|-heal|p1a: Hippowdon|100/100 tox|[from] item: Leftovers\n|-damage|p1a: Hippowdon|94/100 tox|[from] psn\n|-damage|p2a: Zapdos|16/100 brn|[from] brn\n|upkeep\n|turn|59\n|\n|t:|1790537586\n|move|p2a: Zapdos|Hurricane|p1a: Hippowdon|[miss]\n|-miss|p2a: Zapdos|p1a: Hippowdon\n|move|p1a: Hippowdon|Earthquake|p2a: Zapdos\n|-immune|p2a: Zapdos\n|\n|-weather|Sandstorm|[upkeep]\n|-damage|p2a: Zapdos|10/100 brn|[from] Sandstorm\n|-heal|p1a: Hippowdon|100/100 tox|[from] item: Leftovers\n|-damage|p1a: Hippowdon|88/100 tox|[from] psn\n|-damage|p2a: Zapdos|4/100 brn|[from] brn\n|upkeep\n|turn|60\n|\n|t:|1790537594\n|move|p2a: Zapdos|Hurricane|p1a: Hippowdon\n|-damage|p1a: Hippowdon|56/100 tox\n|move|p1a: Hippowdon|Earthquake|p2a: Zapdos\n|-immune|p2a: Zapdos\n|\n|-weather|none\n|-heal|p1a: Hippowdon|62/100 tox|[from] item: Leftovers\n|-damage|p1a: Hippowdon|43/100 tox|[from] psn\n|-damage|p2a: Zapdos|0 fnt|[from] brn\n|faint|p2a: Zapdos\n|upkeep\n|\n|t:|1790537599\n|switch|p2a: Kartana|Kartana|37/100 par\n|-damage|p2a: Kartana|31/100 par|[from] Stealth Rock\n|turn|61\n|\n|t:|1790537606\n|switch|p1a: Toxapex|Toxapex, M, shiny|100/100 brn\n|-damage|p1a: Toxapex|88/100 brn|[from] Stealth Rock\n|cant|p2a: Kartana|par\n|\n|-damage|p1a: Toxapex|82/100 brn|[from] brn\n|upkeep\n|turn|62\n|\n|t:|1790537616\n|move|p2a: Kartana|Leaf Blade|p1a: Toxapex\n|-damage|p1a: Toxapex|33/100 brn\n|move|p1a: Toxapex|Scald|p2a: Kartana\n|-resisted|p2a: Kartana\n|-damage|p2a: Kartana|7/100 par\n|\n|-damage|p1a: Toxapex|27/100 brn|[from] brn\n|upkeep\n|turn|63\n|\n|t:|1790537625\n|switch|p2a: Slowking|Slowking-Galar, F|100/100\n|-damage|p2a: Slowking|88/100|[from] Stealth Rock\n|-sideend|p2: Hairoll|move: Toxic Spikes|[of] p2a: Slowking\n|switch|p1a: Zapdos|Zapdos, shiny|86/100\n|\n|-heal|p2a: Slowking|94/100|[from] item: Leftovers\n|upkeep\n|turn|64\n|\n|t:|1790537631\n|switch|p2a: Gastrodon|Gastrodon, F|90/100\n|-damage|p2a: Gastrodon|84/100|[from] Stealth Rock\n|move|p1a: Zapdos|Hurricane|p2a: Gastrodon\n|-damage|p2a: Gastrodon|55/100\n|\n|-heal|p2a: Gastrodon|61/100|[from] item: Leftovers\n|upkeep\n|turn|65\n|\n|t:|1790537636\n|switch|p1a: Clefable|Clefable, F, shiny|71/100 brn\n|-damage|p1a: Clefable|58/100 brn|[from] Stealth Rock\n|move|p2a: Gastrodon|Earth Power|p1a: Clefable\n|-damage|p1a: Clefable|30/100 brn\n|\n|-heal|p2a: Gastrodon|68/100|[from] item: Leftovers\n|-damage|p1a: Clefable|24/100 brn|[from] brn\n|upkeep\n|turn|66\n|\n|t:|1790537657\n|switch|p2a: Slowking|Slowking-Galar, F|100/100\n|-damage|p2a: Slowking|88/100|[from] Stealth Rock\n|move|p1a: Clefable|Soft-Boiled|p1a: Clefable\n|-heal|p1a: Clefable|74/100 brn\n|\n|-heal|p2a: Slowking|94/100|[from] item: Leftovers\n|-damage|p1a: Clefable|68/100 brn|[from] brn\n|upkeep\n|turn|67\n|inactive|Hairoll has 270 seconds left.\n|inactive|Hairoll has 240 seconds left.\n|\n|t:|1790537709\n|move|p1a: Clefable|Aromatherapy|p1a: Clefable\n|-activate|p1a: Clefable|move: Aromatherapy\n|-curestatus|p1a: Clefable|brn|[msg]\n|-curestatus|p1: Hippowdon|tox|[msg]\n|-curestatus|p1: Toxapex|brn|[msg]\n|move|p2a: Slowking|Nasty Plot|p2a: Slowking\n|-boost|p2a: Slowking|spa|2\n|\n|-heal|p2a: Slowking|100/100|[from] item: Leftovers\n|upkeep\n|turn|68\n|\n|t:|1790537718\n|move|p1a: Clefable|Thunder Wave|p2a: Slowking\n|-status|p2a: Slowking|par\n|cant|p2a: Slowking|par\n|\n|upkeep\n|turn|69\n|\n|t:|1790537724\n|switch|p1a: Toxapex|Toxapex, M, shiny|60/100\n|-damage|p1a: Toxapex|48/100|[from] Stealth Rock\n|move|p2a: Slowking|Psyshock|p1a: Toxapex\n|-supereffective|p1a: Toxapex\n|-damage|p1a: Toxapex|0 fnt\n|faint|p1a: Toxapex\n|\n|upkeep\n|\n|t:|1790537730\n|switch|p1a: Hippowdon|Hippowdon, F, shiny|43/100\n|-damage|p1a: Hippowdon|37/100|[from] Stealth Rock\n|-weather|Sandstorm|[from] ability: Sand Stream|[of] p1a: Hippowdon\n|turn|70\n|inactive|Hairoll has 240 seconds left.\n|\n|t:|1790537758\n|switch|p2a: Rillaboom|Rillaboom, F|94/100\n|-damage|p2a: Rillaboom|82/100|[from] Stealth Rock\n|-fieldstart|move: Grassy Terrain|[from] ability: Grassy Surge|[of] p2a: Rillaboom\n|move|p1a: Hippowdon|Slack Off|p1a: Hippowdon\n|-heal|p1a: Hippowdon|87/100\n|\n|-weather|Sandstorm|[upkeep]\n|-damage|p2a: Rillaboom|76/100|[from] Sandstorm\n|-heal|p2a: Rillaboom|82/100|[from] Grassy Terrain\n|-heal|p2a: Rillaboom|88/100|[from] item: Leftovers\n|-heal|p1a: Hippowdon|93/100|[from] Grassy Terrain\n|-heal|p1a: Hippowdon|99/100|[from] item: Leftovers\n|upkeep\n|turn|71\n|inactive|Hairoll has 240 seconds left.\n|\n|t:|1790537769\n|switch|p1a: Clefable|Clefable, F, shiny|68/100\n|-damage|p1a: Clefable|55/100|[from] Stealth Rock\n|move|p2a: Rillaboom|Swords Dance|p2a: Rillaboom\n|-boost|p2a: Rillaboom|atk|2\n|\n|-weather|Sandstorm|[upkeep]\n|-damage|p2a: Rillaboom|82/100|[from] Sandstorm\n|-damage|p1a: Clefable|49/100|[from] Sandstorm\n|-heal|p2a: Rillaboom|88/100|[from] Grassy Terrain\n|-heal|p2a: Rillaboom|94/100|[from] item: Leftovers\n|-heal|p1a: Clefable|55/100|[from] Grassy Terrain\n|upkeep\n|turn|72\n|\n|t:|1790537776\n|move|p2a: Rillaboom|Grassy Glide|p1a: Clefable\n|-damage|p1a: Clefable|16/100\n|move|p1a: Clefable|Soft-Boiled|p1a: Clefable\n|-heal|p1a: Clefable|66/100\n|\n|-weather|Sandstorm|[upkeep]\n|-damage|p2a: Rillaboom|88/100|[from] Sandstorm\n|-damage|p1a: Clefable|60/100|[from] Sandstorm\n|-heal|p2a: Rillaboom|94/100|[from] Grassy Terrain\n|-heal|p2a: Rillaboom|100/100|[from] item: Leftovers\n|-heal|p1a: Clefable|66/100|[from] Grassy Terrain\n|upkeep\n|turn|73\n|\n|t:|1790537788\n|switch|p2a: Heatran|Heatran, M|100/100 par\n|-damage|p2a: Heatran|88/100 par|[from] Stealth Rock\n|move|p1a: Clefable|Soft-Boiled|p1a: Clefable\n|-heal|p1a: Clefable|100/100\n|\n|-weather|Sandstorm|[upkeep]\n|-damage|p1a: Clefable|94/100|[from] Sandstorm\n|-heal|p1a: Clefable|100/100|[from] Grassy Terrain\n|-heal|p2a: Heatran|94/100 par|[from] Grassy Terrain\n|-heal|p2a: Heatran|100/100 par|[from] item: Leftovers\n|upkeep\n|turn|74\n|\n|t:|1790537797\n|switch|p1a: Hippowdon|Hippowdon, F, shiny|99/100\n|-damage|p1a: Hippowdon|93/100|[from] Stealth Rock\n|move|p2a: Heatran|Magma Storm|p1a: Hippowdon\n|-damage|p1a: Hippowdon|59/100\n|-activate|p1a: Hippowdon|move: Magma Storm|[of] p2a: Heatran\n|\n|-weather|none\n|-heal|p1a: Hippowdon|66/100|[from] Grassy Terrain\n|-heal|p1a: Hippowdon|72/100|[from] item: Leftovers\n|-damage|p1a: Hippowdon|59/100|[from] move: Magma Storm|[partiallytrapped]\n|-fieldend|move: Grassy Terrain\n|upkeep\n|turn|75\n|\n|t:|1790537804\n|switch|p2a: Rillaboom|Rillaboom, F|100/100\n|-damage|p2a: Rillaboom|88/100|[from] Stealth Rock\n|-fieldstart|move: Grassy Terrain|[from] ability: Grassy Surge|[of] p2a: Rillaboom\n|move|p1a: Hippowdon|Slack Off|p1a: Hippowdon\n|-heal|p1a: Hippowdon|100/100\n|\n|-heal|p2a: Rillaboom|94/100|[from] Grassy Terrain\n|-heal|p2a: Rillaboom|100/100|[from] item: Leftovers\n|-end|p1a: Hippowdon|Magma Storm|[partiallytrapped]|[silent]\n|upkeep\n|turn|76\n|\n|t:|1790537815\n|switch|p2a: Kartana|Kartana|7/100 par\n|-damage|p2a: Kartana|0 fnt|[from] Stealth Rock\n|faint|p2a: Kartana\n|switch|p1a: Clefable|Clefable, F, shiny|100/100\n|-damage|p1a: Clefable|88/100|[from] Stealth Rock\n|\n|-heal|p1a: Clefable|94/100|[from] Grassy Terrain\n|upkeep\n|\n|t:|1790537827\n|switch|p2a: Gastrodon|Gastrodon, F|68/100\n|-damage|p2a: Gastrodon|61/100|[from] Stealth Rock\n|turn|77\n|\n|t:|1790537835\n|move|p1a: Clefable|Moonblast|p2a: Gastrodon\n|-damage|p2a: Gastrodon|41/100\n|move|p2a: Gastrodon|Recover|p2a: Gastrodon\n|-heal|p2a: Gastrodon|91/100\n|\n|-heal|p1a: Clefable|99/100|[from] Grassy Terrain\n|-heal|p2a: Gastrodon|97/100|[from] Grassy Terrain\n|-heal|p2a: Gastrodon|100/100|[from] item: Leftovers\n|upkeep\n|turn|78\n|\n|t:|1790537841\n|move|p1a: Clefable|Moonblast|p2a: Gastrodon\n|-damage|p2a: Gastrodon|78/100\n|move|p2a: Gastrodon|Scald|p1a: Clefable\n|-damage|p1a: Clefable|77/100\n|\n|-heal|p1a: Clefable|83/100|[from] Grassy Terrain\n|-heal|p2a: Gastrodon|84/100|[from] Grassy Terrain\n|-heal|p2a: Gastrodon|91/100|[from] item: Leftovers\n|upkeep\n|turn|79\n|\n|t:|1790537845\n|move|p1a: Clefable|Moonblast|p2a: Gastrodon\n|-damage|p2a: Gastrodon|71/100\n|move|p2a: Gastrodon|Scald|p1a: Clefable\n|-damage|p1a: Clefable|58/100\n|-status|p1a: Clefable|brn\n|\n|-heal|p1a: Clefable|64/100 brn|[from] Grassy Terrain\n|-heal|p2a: Gastrodon|77/100|[from] Grassy Terrain\n|-heal|p2a: Gastrodon|83/100|[from] item: Leftovers\n|-damage|p1a: Clefable|58/100 brn|[from] brn\n|-fieldend|move: Grassy Terrain\n|upkeep\n|turn|80\n|\n|t:|1790537848\n|move|p1a: Clefable|Soft-Boiled|p1a: Clefable\n|-heal|p1a: Clefable|100/100 brn\n|move|p2a: Gastrodon|Earth Power|p1a: Clefable\n|-damage|p1a: Clefable|72/100 brn\n|\n|-heal|p2a: Gastrodon|89/100|[from] item: Leftovers\n|-damage|p1a: Clefable|66/100 brn|[from] brn\n|upkeep\n|turn|81\n|\n|t:|1790537851\n|move|p1a: Clefable|Moonblast|p2a: Gastrodon\n|-damage|p2a: Gastrodon|68/100\n|-unboost|p2a: Gastrodon|spa|1\n|move|p2a: Gastrodon|Earth Power|p1a: Clefable\n|-damage|p1a: Clefable|40/100 brn\n|\n|-heal|p2a: Gastrodon|74/100|[from] item: Leftovers\n|-damage|p1a: Clefable|33/100 brn|[from] brn\n|upkeep\n|turn|82\n|\n|t:|1790537864\n|move|p1a: Clefable|Soft-Boiled|p1a: Clefable\n|-heal|p1a: Clefable|83/100 brn\n|move|p2a: Gastrodon|Earth Power|p1a: Clefable\n|-damage|p1a: Clefable|57/100 brn\n|\n|-heal|p2a: Gastrodon|80/100|[from] item: Leftovers\n|-damage|p1a: Clefable|50/100 brn|[from] brn\n|upkeep\n|turn|83\n|\n|t:|1790537867\n|move|p1a: Clefable|Aromatherapy|p1a: Clefable\n|-activate|p1a: Clefable|move: Aromatherapy\n|-curestatus|p1a: Clefable|brn|[msg]\n|move|p2a: Gastrodon|Scald|p1a: Clefable\n|-damage|p1a: Clefable|24/100\n|-status|p1a: Clefable|brn\n|\n|-heal|p2a: Gastrodon|87/100|[from] item: Leftovers\n|-damage|p1a: Clefable|18/100 brn|[from] brn\n|upkeep\n|turn|84\n|\n|t:|1790537872\n|move|p1a: Clefable|Soft-Boiled|p1a: Clefable\n|-heal|p1a: Clefable|68/100 brn\n|move|p2a: Gastrodon|Scald|p1a: Clefable\n|-damage|p1a: Clefable|45/100 brn\n|\n|-heal|p2a: Gastrodon|93/100|[from] item: Leftovers\n|-damage|p1a: Clefable|39/100 brn|[from] brn\n|upkeep\n|turn|85\n|\n|t:|1790537873\n|move|p1a: Clefable|Soft-Boiled|p1a: Clefable\n|-heal|p1a: Clefable|89/100 brn\n|move|p2a: Gastrodon|Earth Power|p1a: Clefable\n|-damage|p1a: Clefable|61/100 brn\n|\n|-heal|p2a: Gastrodon|99/100|[from] item: Leftovers\n|-damage|p1a: Clefable|55/100 brn|[from] brn\n|upkeep\n|turn|86\n|\n|t:|1790537876\n|move|p1a: Clefable|Aromatherapy|p1a: Clefable\n|-activate|p1a: Clefable|move: Aromatherapy\n|-curestatus|p1a: Clefable|brn|[msg]\n|move|p2a: Gastrodon|Earth Power|p1a: Clefable\n|-damage|p1a: Clefable|26/100\n|-unboost|p1a: Clefable|spd|1\n|\n|-heal|p2a: Gastrodon|100/100|[from] item: Leftovers\n|upkeep\n|turn|87\n|\n|t:|1790537881\n|move|p1a: Clefable|Soft-Boiled|p1a: Clefable\n|-heal|p1a: Clefable|76/100\n|move|p2a: Gastrodon|Scald|p1a: Clefable\n|-damage|p1a: Clefable|38/100\n|-status|p1a: Clefable|brn\n|\n|-damage|p1a: Clefable|32/100 brn|[from] brn\n|upkeep\n|turn|88\n|c|\u2606anos luz|wtf\n|\n|t:|1790537889\n|switch|p1a: Hippowdon|Hippowdon, F, shiny|100/100\n|-damage|p1a: Hippowdon|94/100|[from] Stealth Rock\n|-weather|Sandstorm|[from] ability: Sand Stream|[of] p1a: Hippowdon\n|move|p2a: Gastrodon|Scald|p1a: Hippowdon\n|-supereffective|p1a: Hippowdon\n|-damage|p1a: Hippowdon|71/100\n|\n|-weather|Sandstorm|[upkeep]\n|-heal|p1a: Hippowdon|78/100|[from] item: Leftovers\n|upkeep\n|turn|89\n|\n|t:|1790537895\n|switch|p2a: Rillaboom|Rillaboom, F|100/100\n|-damage|p2a: Rillaboom|88/100|[from] Stealth Rock\n|-fieldstart|move: Grassy Terrain|[from] ability: Grassy Surge|[of] p2a: Rillaboom\n|move|p1a: Hippowdon|Toxic|p2a: Rillaboom|[miss]\n|-miss|p1a: Hippowdon|p2a: Rillaboom\n|\n|-weather|Sandstorm|[upkeep]\n|-damage|p2a: Rillaboom|82/100|[from] Sandstorm\n|-heal|p2a: Rillaboom|88/100|[from] Grassy Terrain\n|-heal|p2a: Rillaboom|94/100|[from] item: Leftovers\n|-heal|p1a: Hippowdon|84/100|[from] Grassy Terrain\n|-heal|p1a: Hippowdon|90/100|[from] item: Leftovers\n|upkeep\n|turn|90\n|\n|t:|1790537903\n|switch|p1a: Zapdos|Zapdos, shiny|86/100\n|move|p2a: Rillaboom|Swords Dance|p2a: Rillaboom\n|-boost|p2a: Rillaboom|atk|2\n|\n|-weather|Sandstorm|[upkeep]\n|-damage|p1a: Zapdos|80/100|[from] Sandstorm\n|-damage|p2a: Rillaboom|88/100|[from] Sandstorm\n|-heal|p2a: Rillaboom|94/100|[from] Grassy Terrain\n|-heal|p2a: Rillaboom|100/100|[from] item: Leftovers\n|upkeep\n|turn|91\n|\n|t:|1790537907\n|switch|p2a: Gastrodon|Gastrodon, F|100/100\n|-damage|p2a: Gastrodon|94/100|[from] Stealth Rock\n|move|p1a: Zapdos|Hurricane|p2a: Gastrodon\n|-damage|p2a: Gastrodon|62/100\n|-start|p2a: Gastrodon|confusion\n|\n|-weather|Sandstorm|[upkeep]\n|-damage|p1a: Zapdos|74/100|[from] Sandstorm\n|-heal|p2a: Gastrodon|68/100|[from] Grassy Terrain\n|-heal|p2a: Gastrodon|74/100|[from] item: Leftovers\n|upkeep\n|turn|92\n|\n|t:|1790537913\n|switch|p1a: Hippowdon|Hippowdon, F, shiny|90/100\n|-damage|p1a: Hippowdon|84/100|[from] Stealth Rock\n|-activate|p2a: Gastrodon|confusion\n|move|p2a: Gastrodon|Scald|p1a: Hippowdon\n|-supereffective|p1a: Hippowdon\n|-damage|p1a: Hippowdon|49/100\n|-status|p1a: Hippowdon|brn\n|\n|-weather|none\n|-heal|p1a: Hippowdon|55/100 brn|[from] Grassy Terrain\n|-heal|p1a: Hippowdon|61/100 brn|[from] item: Leftovers\n|-heal|p2a: Gastrodon|80/100|[from] Grassy Terrain\n|-heal|p2a: Gastrodon|86/100|[from] item: Leftovers\n|-damage|p1a: Hippowdon|55/100 brn|[from] brn\n|upkeep\n|turn|93\n|c|\u2606anos luz|bro\n|\n|t:|1790537930\n|switch|p2a: Rillaboom|Rillaboom, F|100/100\n|-damage|p2a: Rillaboom|88/100|[from] Stealth Rock\n|move|p1a: Hippowdon|Slack Off|p1a: Hippowdon\n|-heal|p1a: Hippowdon|100/100 brn\n|\n|-heal|p2a: Rillaboom|94/100|[from] Grassy Terrain\n|-heal|p2a: Rillaboom|100/100|[from] item: Leftovers\n|-damage|p1a: Hippowdon|94/100 brn|[from] brn\n|-fieldend|move: Grassy Terrain\n|upkeep\n|turn|94\n|\n|t:|1790537936\n|switch|p2a: Slowking|Slowking-Galar, F|100/100 par\n|-damage|p2a: Slowking|88/100 par|[from] Stealth Rock\n|move|p1a: Hippowdon|Toxic||[still]\n|-fail|p1a: Hippowdon\n|\n|-heal|p1a: Hippowdon|100/100 brn|[from] item: Leftovers\n|-heal|p2a: Slowking|94/100 par|[from] item: Leftovers\n|-damage|p1a: Hippowdon|94/100 brn|[from] brn\n|upkeep\n|turn|95\n|\n|t:|1790537940\n|move|p1a: Hippowdon|Earthquake|p2a: Slowking\n|-supereffective|p2a: Slowking\n|-damage|p2a: Slowking|66/100 par\n|cant|p2a: Slowking|par\n|\n|-heal|p1a: Hippowdon|100/100 brn|[from] item: Leftovers\n|-heal|p2a: Slowking|72/100 par|[from] item: Leftovers\n|-damage|p1a: Hippowdon|94/100 brn|[from] brn\n|upkeep\n|turn|96\n|\n|t:|1790537945\n|switch|p2a: Rillaboom|Rillaboom, F|100/100\n|-damage|p2a: Rillaboom|88/100|[from] Stealth Rock\n|-fieldstart|move: Grassy Terrain|[from] ability: Grassy Surge|[of] p2a: Rillaboom\n|move|p1a: Hippowdon|Earthquake|p2a: Rillaboom\n|-resisted|p2a: Rillaboom\n|-damage|p2a: Rillaboom|84/100\n|\n|-heal|p2a: Rillaboom|90/100|[from] Grassy Terrain\n|-heal|p2a: Rillaboom|96/100|[from] item: Leftovers\n|-heal|p1a: Hippowdon|100/100 brn|[from] Grassy Terrain\n|-damage|p1a: Hippowdon|94/100 brn|[from] brn\n|upkeep\n|turn|97\n|\n|t:|1790537951\n|switch|p2a: Slowking|Slowking-Galar, F|100/100 par\n|-damage|p2a: Slowking|88/100 par|[from] Stealth Rock\n|switch|p1a: Zapdos|Zapdos, shiny|74/100\n|\n|-heal|p2a: Slowking|94/100 par|[from] Grassy Terrain\n|-heal|p2a: Slowking|100/100 par|[from] item: Leftovers\n|upkeep\n|turn|98\n|\n|t:|1790537955\n|move|p1a: Zapdos|Hurricane|p2a: Slowking|[miss]\n|-miss|p1a: Zapdos|p2a: Slowking\n|move|p2a: Slowking|Nasty Plot|p2a: Slowking\n|-boost|p2a: Slowking|spa|2\n|\n|upkeep\n|turn|99\n|\n|t:|1790537961\n|move|p1a: Zapdos|Hurricane|p2a: Slowking\n|-damage|p2a: Slowking|59/100 par\n|-start|p2a: Slowking|confusion\n|-activate|p2a: Slowking|confusion\n|-damage|p2a: Slowking|55/100 par|[from] confusion\n|\n|-heal|p2a: Slowking|61/100 par|[from] Grassy Terrain\n|-heal|p2a: Slowking|67/100 par|[from] item: Leftovers\n|upkeep\n|turn|100\n|\n|t:|1790537969\n|move|p1a: Zapdos|Hurricane|p2a: Slowking\n|-damage|p2a: Slowking|28/100 par\n|-activate|p2a: Slowking|confusion\n|-damage|p2a: Slowking|25/100 par|[from] confusion\n|\n|-heal|p2a: Slowking|31/100 par|[from] Grassy Terrain\n|-heal|p2a: Slowking|37/100 par|[from] item: Leftovers\n|-fieldend|move: Grassy Terrain\n|upkeep\n|turn|101\n|\n|t:|1790537975\n|switch|p2a: Gastrodon|Gastrodon, F|86/100\n|-damage|p2a: Gastrodon|80/100|[from] Stealth Rock\n|move|p1a: Zapdos|Hurricane|p2a: Gastrodon|[miss]\n|-miss|p1a: Zapdos|p2a: Gastrodon\n|\n|-heal|p2a: Gastrodon|86/100|[from] item: Leftovers\n|upkeep\n|turn|102\n|\n|t:|1790537979\n|move|p1a: Zapdos|Hurricane|p2a: Gastrodon|[miss]\n|-miss|p1a: Zapdos|p2a: Gastrodon\n|move|p2a: Gastrodon|Scald|p1a: Zapdos\n|-damage|p1a: Zapdos|47/100\n|\n|-heal|p2a: Gastrodon|92/100|[from] item: Leftovers\n|upkeep\n|turn|103\n|\n|t:|1790537983\n|switch|p1a: Hippowdon|Hippowdon, F, shiny|94/100 brn\n|-damage|p1a: Hippowdon|88/100 brn|[from] Stealth Rock\n|-weather|Sandstorm|[from] ability: Sand Stream|[of] p1a: Hippowdon\n|move|p2a: Gastrodon|Earth Power|p1a: Hippowdon\n|-damage|p1a: Hippowdon|67/100 brn\n|\n|-weather|Sandstorm|[upkeep]\n|-heal|p1a: Hippowdon|73/100 brn|[from] item: Leftovers\n|-heal|p2a: Gastrodon|99/100|[from] item: Leftovers\n|-damage|p1a: Hippowdon|67/100 brn|[from] brn\n|upkeep\n|turn|104\n|\n|t:|1790537987\n|switch|p2a: Rillaboom|Rillaboom, F|96/100\n|-damage|p2a: Rillaboom|84/100|[from] Stealth Rock\n|-fieldstart|move: Grassy Terrain|[from] ability: Grassy Surge|[of] p2a: Rillaboom\n|move|p1a: Hippowdon|Toxic|p2a: Rillaboom\n|-status|p2a: Rillaboom|tox\n|\n|-weather|Sandstorm|[upkeep]\n|-damage|p2a: Rillaboom|78/100 tox|[from] Sandstorm\n|-heal|p2a: Rillaboom|84/100 tox|[from] Grassy Terrain\n|-heal|p2a: Rillaboom|90/100 tox|[from] item: Leftovers\n|-heal|p1a: Hippowdon|73/100 brn|[from] Grassy Terrain\n|-heal|p1a: Hippowdon|79/100 brn|[from] item: Leftovers\n|-damage|p2a: Rillaboom|84/100 tox|[from] psn\n|-damage|p1a: Hippowdon|73/100 brn|[from] brn\n|upkeep\n|turn|105\n|\n|t:|1790537995\n|switch|p1a: Tornadus|Tornadus-Therian, M, shiny|100/100\n|-damage|p1a: Tornadus|76/100|[from] Stealth Rock\n|move|p2a: Rillaboom|Swords Dance|p2a: Rillaboom\n|-boost|p2a: Rillaboom|atk|2\n|\n|-weather|Sandstorm|[upkeep]\n|-damage|p1a: Tornadus|70/100|[from] Sandstorm\n|-damage|p2a: Rillaboom|78/100 tox|[from] Sandstorm\n|-heal|p2a: Rillaboom|84/100 tox|[from] Grassy Terrain\n|-heal|p2a: Rillaboom|90/100 tox|[from] item: Leftovers\n|-damage|p2a: Rillaboom|78/100 tox|[from] psn\n|upkeep\n|turn|106\n|\n|t:|1790537998\n|move|p2a: Rillaboom|Grassy Glide|p1a: Tornadus\n|-resisted|p1a: Tornadus\n|-damage|p1a: Tornadus|9/100\n|move|p1a: Tornadus|Hurricane|p2a: Rillaboom\n|-supereffective|p2a: Rillaboom\n|-damage|p2a: Rillaboom|0 fnt\n|faint|p2a: Rillaboom\n|\n|-weather|Sandstorm|[upkeep]\n|-damage|p1a: Tornadus|3/100|[from] Sandstorm\n|upkeep\n|inactive|Hairoll has 270 seconds left.\n|\n|t:|1790538034\n|switch|p2a: Slowking|Slowking-Galar, F|71/100 par\n|-damage|p2a: Slowking|58/100 par|[from] Stealth Rock\n|turn|107\n|\n|t:|1790538042\n|switch|p1a: Zapdos|Zapdos, shiny|47/100\n|move|p2a: Slowking|Psyshock|p1a: Zapdos\n|-damage|p1a: Zapdos|24/100\n|\n|-weather|none\n|-heal|p2a: Slowking|64/100 par|[from] Grassy Terrain\n|-heal|p2a: Slowking|71/100 par|[from] item: Leftovers\n|upkeep\n|turn|108\n|\n|t:|1790538047\n|move|p1a: Zapdos|Roost|p1a: Zapdos\n|-heal|p1a: Zapdos|74/100\n|-singleturn|p1a: Zapdos|move: Roost\n|move|p2a: Slowking|Nasty Plot|p2a: Slowking\n|-boost|p2a: Slowking|spa|2\n|\n|-heal|p1a: Zapdos|80/100|[from] Grassy Terrain\n|-heal|p2a: Slowking|77/100 par|[from] Grassy Terrain\n|-heal|p2a: Slowking|83/100 par|[from] item: Leftovers\n|-fieldend|move: Grassy Terrain\n|upkeep\n|turn|109\n|\n|t:|1790538059\n|move|p1a: Zapdos|Hurricane|p2a: Slowking\n|-damage|p2a: Slowking|42/100 par\n|move|p2a: Slowking|Psyshock|p1a: Zapdos\n|-damage|p1a: Zapdos|40/100\n|\n|-heal|p2a: Slowking|48/100 par|[from] item: Leftovers\n|upkeep\n|turn|110\n|\n|t:|1790538065\n|move|p1a: Zapdos|Roost|p1a: Zapdos\n|-heal|p1a: Zapdos|90/100\n|-singleturn|p1a: Zapdos|move: Roost\n|move|p2a: Slowking|Psyshock|p1a: Zapdos\n|-damage|p1a: Zapdos|50/100\n|\n|-heal|p2a: Slowking|54/100 par|[from] item: Leftovers\n|upkeep\n|turn|111\n|\n|t:|1790538070\n|move|p1a: Zapdos|Discharge|p2a: Slowking\n|-damage|p2a: Slowking|28/100 par\n|move|p2a: Slowking|Sludge Bomb|p1a: Zapdos\n|-damage|p1a: Zapdos|0 fnt\n|faint|p1a: Zapdos\n|\n|-heal|p2a: Slowking|34/100 par|[from] item: Leftovers\n|upkeep\n|\n|t:|1790538076\n|switch|p1a: Tornadus|Tornadus-Therian, M, shiny|36/100\n|-damage|p1a: Tornadus|11/100|[from] Stealth Rock\n|turn|112\n|\n|t:|1790538088\n|switch|p2a: Heatran|Heatran, M|100/100 par\n|-damage|p2a: Heatran|88/100 par|[from] Stealth Rock\n|move|p1a: Tornadus|Knock Off|p2a: Heatran\n|-damage|p2a: Heatran|76/100 par\n|-enditem|p2a: Heatran|Leftovers|[from] move: Knock Off|[of] p1a: Tornadus\n|\n|upkeep\n|turn|113\n|\n|t:|1790538092\n|move|p1a: Tornadus|Focus Blast|p2a: Heatran\n|-supereffective|p2a: Heatran\n|-damage|p2a: Heatran|19/100 par\n|move|p2a: Heatran|Magma Storm|p1a: Tornadus|[miss]\n|-miss|p2a: Heatran|p1a: Tornadus\n|\n|upkeep\n|turn|114\n|\n|t:|1790538095\n|move|p1a: Tornadus|Focus Blast|p2a: Heatran|[miss]\n|-miss|p1a: Tornadus|p2a: Heatran\n|move|p2a: Heatran|Magma Storm|p1a: Tornadus|[miss]\n|-miss|p2a: Heatran|p1a: Tornadus\n|\n|upkeep\n|turn|115\n|\n|t:|1790538098\n|move|p1a: Tornadus|Focus Blast|p2a: Heatran\n|-supereffective|p2a: Heatran\n|-damage|p2a: Heatran|0 fnt\n|faint|p2a: Heatran\n|\n|upkeep\n|\n|t:|1790538104\n|switch|p2a: Gastrodon|Gastrodon, F|99/100\n|-damage|p2a: Gastrodon|92/100|[from] Stealth Rock\n|turn|116\n|\n|t:|1790538106\n|move|p1a: Tornadus|Knock Off|p2a: Gastrodon\n|-damage|p2a: Gastrodon|70/100\n|-activate|p2a: Gastrodon|ability: Sticky Hold\n|move|p2a: Gastrodon|Scald|p1a: Tornadus\n|-damage|p1a: Tornadus|0 fnt\n|faint|p1a: Tornadus\n|\n|-heal|p2a: Gastrodon|76/100|[from] item: Leftovers\n|upkeep\n|\n|t:|1790538109\n|switch|p1a: Clefable|Clefable, F, shiny|32/100 brn\n|-damage|p1a: Clefable|20/100 brn|[from] Stealth Rock\n|turn|117\n|\n|t:|1790538113\n|move|p1a: Clefable|Soft-Boiled|p1a: Clefable\n|-heal|p1a: Clefable|70/100 brn\n|move|p2a: Gastrodon|Recover|p2a: Gastrodon\n|-heal|p2a: Gastrodon|100/100\n|\n|-damage|p1a: Clefable|63/100 brn|[from] brn\n|upkeep\n|turn|118\n|\n|t:|1790538115\n|switch|p2a: Slowking|Slowking-Galar, F|67/100 par\n|-damage|p2a: Slowking|55/100 par|[from] Stealth Rock\n|move|p1a: Clefable|Aromatherapy|p1a: Clefable\n|-activate|p1a: Clefable|move: Aromatherapy\n|-curestatus|p1a: Clefable|brn|[msg]\n|-curestatus|p1: Hippowdon|brn|[msg]\n|\n|-heal|p2a: Slowking|61/100 par|[from] item: Leftovers\n|upkeep\n|turn|119\n|\n|t:|1790538126\n|switch|p1a: Hippowdon|Hippowdon, F, shiny|73/100\n|-damage|p1a: Hippowdon|67/100|[from] Stealth Rock\n|-weather|Sandstorm|[from] ability: Sand Stream|[of] p1a: Hippowdon\n|switch|p2a: Gastrodon|Gastrodon, F|100/100\n|-damage|p2a: Gastrodon|94/100|[from] Stealth Rock\n|\n|-weather|Sandstorm|[upkeep]\n|-heal|p1a: Hippowdon|73/100|[from] item: Leftovers\n|-heal|p2a: Gastrodon|100/100|[from] item: Leftovers\n|upkeep\n|turn|120\n|\n|t:|1790538133\n|move|p2a: Gastrodon|Protect|p2a: Gastrodon\n|-singleturn|p2a: Gastrodon|Protect\n|move|p1a: Hippowdon|Toxic|p2a: Gastrodon\n|-activate|p2a: Gastrodon|move: Protect\n|\n|-weather|Sandstorm|[upkeep]\n|-heal|p1a: Hippowdon|79/100|[from] item: Leftovers\n|upkeep\n|turn|121\n|\n|t:|1790538135\n|move|p1a: Hippowdon|Toxic|p2a: Gastrodon\n|-status|p2a: Gastrodon|tox\n|move|p2a: Gastrodon|Scald|p1a: Hippowdon\n|-supereffective|p1a: Hippowdon\n|-damage|p1a: Hippowdon|42/100\n|\n|-weather|Sandstorm|[upkeep]\n|-heal|p1a: Hippowdon|48/100|[from] item: Leftovers\n|-damage|p2a: Gastrodon|94/100 tox|[from] psn\n|upkeep\n|turn|122\n|\n|t:|1790538137\n|move|p1a: Hippowdon|Slack Off|p1a: Hippowdon\n|-heal|p1a: Hippowdon|98/100\n|move|p2a: Gastrodon|Scald|p1a: Hippowdon\n|-supereffective|p1a: Hippowdon\n|-damage|p1a: Hippowdon|58/100\n|-status|p1a: Hippowdon|brn\n|\n|-weather|Sandstorm|[upkeep]\n|-heal|p1a: Hippowdon|64/100 brn|[from] item: Leftovers\n|-heal|p2a: Gastrodon|100/100 tox|[from] item: Leftovers\n|-damage|p2a: Gastrodon|88/100 tox|[from] psn\n|-damage|p1a: Hippowdon|58/100 brn|[from] brn\n|upkeep\n|turn|123\n|\n|t:|1790538140\n|switch|p1a: Clefable|Clefable, F, shiny|63/100\n|-damage|p1a: Clefable|51/100|[from] Stealth Rock\n|move|p2a: Gastrodon|Scald|p1a: Clefable\n|-damage|p1a: Clefable|27/100\n|-status|p1a: Clefable|brn\n|\n|-weather|none\n|-heal|p2a: Gastrodon|94/100 tox|[from] item: Leftovers\n|-damage|p2a: Gastrodon|76/100 tox|[from] psn\n|-damage|p1a: Clefable|21/100 brn|[from] brn\n|upkeep\n|turn|124\n|\n|t:|1790538145\n|move|p1a: Clefable|Soft-Boiled|p1a: Clefable\n|-heal|p1a: Clefable|71/100 brn\n|move|p2a: Gastrodon|Earth Power|p1a: Clefable\n|-damage|p1a: Clefable|44/100 brn\n|\n|-heal|p2a: Gastrodon|82/100 tox|[from] item: Leftovers\n|-damage|p2a: Gastrodon|58/100 tox|[from] psn\n|-damage|p1a: Clefable|38/100 brn|[from] brn\n|upkeep\n|turn|125\n|\n|t:|1790538147\n|switch|p2a: Slowking|Slowking-Galar, F|94/100 par\n|-damage|p2a: Slowking|82/100 par|[from] Stealth Rock\n|move|p1a: Clefable|Aromatherapy|p1a: Clefable\n|-activate|p1a: Clefable|move: Aromatherapy\n|-curestatus|p1a: Clefable|brn|[msg]\n|-curestatus|p1: Hippowdon|brn|[msg]\n|\n|-heal|p2a: Slowking|88/100 par|[from] item: Leftovers\n|upkeep\n|turn|126\n|\n|t:|1790538154\n|switch|p1a: Hippowdon|Hippowdon, F, shiny|58/100\n|-damage|p1a: Hippowdon|52/100|[from] Stealth Rock\n|-weather|Sandstorm|[from] ability: Sand Stream|[of] p1a: Hippowdon\n|switch|p2a: Gastrodon|Gastrodon, F|58/100 tox\n|-damage|p2a: Gastrodon|52/100 tox|[from] Stealth Rock\n|\n|-weather|Sandstorm|[upkeep]\n|-heal|p1a: Hippowdon|58/100|[from] item: Leftovers\n|-heal|p2a: Gastrodon|58/100 tox|[from] item: Leftovers\n|-damage|p2a: Gastrodon|52/100 tox|[from] psn\n|upkeep\n|turn|127\n|\n|t:|1790538157\n|move|p1a: Hippowdon|Slack Off|p1a: Hippowdon\n|-heal|p1a: Hippowdon|100/100\n|move|p2a: Gastrodon|Recover|p2a: Gastrodon\n|-heal|p2a: Gastrodon|100/100 tox\n|\n|-weather|Sandstorm|[upkeep]\n|-damage|p2a: Gastrodon|88/100 tox|[from] psn\n|upkeep\n|turn|128\n|\n|t:|1790538160\n|move|p1a: Hippowdon|Earthquake|p2a: Gastrodon\n|-damage|p2a: Gastrodon|44/100 tox\n|move|p2a: Gastrodon|Scald|p1a: Hippowdon\n|-supereffective|p1a: Hippowdon\n|-damage|p1a: Hippowdon|60/100\n|\n|-weather|Sandstorm|[upkeep]\n|-heal|p1a: Hippowdon|67/100|[from] item: Leftovers\n|-heal|p2a: Gastrodon|50/100 tox|[from] item: Leftovers\n|-damage|p2a: Gastrodon|31/100 tox|[from] psn\n|upkeep\n|turn|129\n|\n|t:|1790538167\n|move|p1a: Hippowdon|Earthquake|p2a: Gastrodon\n|-damage|p2a: Gastrodon|0 fnt\n|faint|p2a: Gastrodon\n|\n|-weather|Sandstorm|[upkeep]\n|-heal|p1a: Hippowdon|73/100|[from] item: Leftovers\n|upkeep\n|\n|t:|1790538168\n|switch|p2a: Slowking|Slowking-Galar, F|100/100 par\n|-damage|p2a: Slowking|88/100 par|[from] Stealth Rock\n|turn|130\n|\n|t:|1790538170\n|move|p1a: Hippowdon|Earthquake|p2a: Slowking\n|-supereffective|p2a: Slowking\n|-damage|p2a: Slowking|26/100 par\n|cant|p2a: Slowking|par\n|\n|-weather|none\n|-heal|p1a: Hippowdon|79/100|[from] item: Leftovers\n|-heal|p2a: Slowking|32/100 par|[from] item: Leftovers\n|upkeep\n|turn|131\n|\n|t:|1790538172\n|move|p1a: Hippowdon|Earthquake|p2a: Slowking\n|-supereffective|p2a: Slowking\n|-damage|p2a: Slowking|0 fnt\n|faint|p2a: Slowking\n|\n|win|anos luz\n|c|\u2606anos luz|ggs\n|c|\u2606Hairoll|ggs\n", "uploadtime": 1790538172, "views": "25", "formatid": "gen8ou", "rating": null, "private": 0, "password": null}