{"id": "smogtours-gen8ou-974524", "format": "[Gen 8] OU", "players": ["Peum", "Snaurus"], "log": "|inactive|Battle timer is ON: inactive players will automatically lose when time's up.\n|t:|1790442643\n|gametype|singles\n|player|p1|Peum|266|\n|player|p2|Snaurus|lucas|\n|gen|8\n|tier|[Gen 8] OU\n|rule|HP Percentage Mod: HP is shown in percentages\n|rule|Endless Battle Clause: Forcing endless battles is banned\n|rule|Sleep Clause Mod: Limit one foe put to sleep\n|rule|Species Clause: Limit one of each Pok\u00e9mon\n|rule|OHKO Clause: OHKO moves are banned\n|rule|Evasion Items Clause: Evasion items are banned\n|rule|Evasion Moves Clause: Evasion moves are banned\n|rule|Dynamax Clause: You cannot dynamax\n|clearpoke\n|poke|p1|Garchomp, M|\n|poke|p1|Dragapult, F|\n|poke|p1|Ferrothorn, F|\n|poke|p1|Clefable, F|\n|poke|p1|Blacephalon|\n|poke|p1|Zapdos|\n|poke|p2|Clefable, M|\n|poke|p2|Tornadus-Therian, M|\n|poke|p2|Heatran, M|\n|poke|p2|Gastrodon-East, F|\n|poke|p2|Melmetal|\n|poke|p2|Rillaboom, M|\n|teampreview\n|inactive|Peum has 270 seconds left.\n|inactive|Snaurus has 270 seconds left.\n|inactive|Snaurus has 240 seconds left.\n|c|\u2606Snaurus|hf\n|inactive|Snaurus has 210 seconds left.\n|\n|t:|1790442743\n|teamsize|p1|6\n|teamsize|p2|6\n|start\n|switch|p1a: Dragapult|Dragapult, F|100/100\n|switch|p2a: Melmetal|Melmetal|100/100\n|turn|1\n|inactive|Snaurus has 270 seconds left.\n|\n|t:|1790442750\n|move|p2a: Melmetal|Protect|p2a: Melmetal\n|-singleturn|p2a: Melmetal|Protect\n|move|p1a: Dragapult|U-turn|p2a: Melmetal\n|-activate|p2a: Melmetal|move: Protect\n|\n|upkeep\n|turn|2\n|inactive|Snaurus has 270 seconds left.\n|\n|t:|1790442770\n|move|p1a: Dragapult|U-turn|p2a: Melmetal\n|-resisted|p2a: Melmetal\n|-damage|p2a: Melmetal|95/100\n|\n|t:|1790442782\n|switch|p1a: Ferrothorn|Ferrothorn, F|100/100|[from] U-turn\n|move|p2a: Melmetal|Thunder Punch|p1a: Ferrothorn\n|-resisted|p1a: Ferrothorn\n|-damage|p1a: Ferrothorn|90/100\n|-status|p1a: Ferrothorn|par\n|-damage|p2a: Melmetal|82/100|[from] ability: Iron Barbs|[of] p1a: Ferrothorn\n|\n|-heal|p2a: Melmetal|89/100|[from] item: Leftovers\n|-heal|p1a: Ferrothorn|96/100 par|[from] item: Leftovers\n|upkeep\n|turn|3\n|inactive|Snaurus has 270 seconds left.\n|\n|t:|1790442797\n|switch|p1a: Dragapult|Dragapult, F|100/100\n|move|p2a: Melmetal|Superpower|p1a: Dragapult\n|-immune|p1a: Dragapult\n|\n|-heal|p2a: Melmetal|95/100|[from] item: Leftovers\n|upkeep\n|turn|4\n|\n|t:|1790442806\n|move|p2a: Melmetal|Protect|p2a: Melmetal\n|-singleturn|p2a: Melmetal|Protect\n|move|p1a: Dragapult|U-turn|p2a: Melmetal\n|-activate|p2a: Melmetal|move: Protect\n|\n|-heal|p2a: Melmetal|100/100|[from] item: Leftovers\n|upkeep\n|turn|5\n|\n|t:|1790442812\n|move|p1a: Dragapult|U-turn|p2a: Melmetal\n|-resisted|p2a: Melmetal\n|-damage|p2a: Melmetal|95/100\n|\n|t:|1790442815\n|switch|p1a: Blacephalon|Blacephalon|100/100|[from] U-turn\n|move|p2a: Melmetal|Thunder Punch|p1a: Blacephalon\n|-damage|p1a: Blacephalon|22/100\n|\n|-heal|p2a: Melmetal|100/100|[from] item: Leftovers\n|upkeep\n|turn|6\n|\n|t:|1790442819\n|move|p2a: Melmetal|Protect|p2a: Melmetal\n|-singleturn|p2a: Melmetal|Protect\n|move|p1a: Blacephalon|Shadow Ball|p2a: Melmetal\n|-activate|p2a: Melmetal|move: Protect\n|\n|upkeep\n|turn|7\n|inactive|Snaurus has 270 seconds left.\n|\n|t:|1790442861\n|switch|p2a: Tornadus|Tornadus-Therian, M|100/100\n|move|p1a: Blacephalon|Shadow Ball|p2a: Tornadus\n|-damage|p2a: Tornadus|30/100\n|\n|upkeep\n|turn|8\n|\n|t:|1790442879\n|switch|p1a: Clefable|Clefable, F|100/100\n|move|p2a: Tornadus|Knock Off|p1a: Clefable\n|-resisted|p1a: Clefable\n|-damage|p1a: Clefable|92/100\n|-enditem|p1a: Clefable|Leftovers|[from] move: Knock Off|[of] p2a: Tornadus\n|\n|upkeep\n|turn|9\n|\n|t:|1790442885\n|move|p2a: Tornadus|U-turn|p1a: Clefable\n|-resisted|p1a: Clefable\n|-damage|p1a: Clefable|85/100\n|\n|t:|1790442888\n|switch|p2a: Clefable|Clefable, M|100/100|[from] U-turn\n|move|p1a: Clefable|Knock Off|p2a: Clefable\n|-resisted|p2a: Clefable\n|-damage|p2a: Clefable|94/100\n|-enditem|p2a: Clefable|Rocky Helmet|[from] move: Knock Off|[of] p1a: Clefable\n|\n|upkeep\n|turn|10\n|\n|t:|1790442893\n|move|p1a: Clefable|Stealth Rock|p2a: Clefable\n|-sidestart|p2: Snaurus|move: Stealth Rock\n|move|p2a: Clefable|Stealth Rock|p1a: Clefable\n|-sidestart|p1: Peum|move: Stealth Rock\n|\n|upkeep\n|turn|11\n|\n|t:|1790442899\n|switch|p2a: Heatran|Heatran, M|100/100\n|-damage|p2a: Heatran|88/100|[from] Stealth Rock\n|move|p1a: Clefable|Knock Off|p2a: Heatran\n|-damage|p2a: Heatran|73/100\n|-enditem|p2a: Heatran|Leftovers|[from] move: Knock Off|[of] p1a: Clefable\n|\n|upkeep\n|turn|12\n|\n|t:|1790442926\n|switch|p1a: Garchomp|Garchomp, M|100/100\n|-damage|p1a: Garchomp|94/100|[from] Stealth Rock\n|move|p2a: Heatran|Magma Storm|p1a: Garchomp|[miss]\n|-miss|p2a: Heatran|p1a: Garchomp\n|\n|-heal|p1a: Garchomp|100/100|[from] item: Leftovers\n|upkeep\n|turn|13\n|\n|t:|1790442937\n|switch|p2a: Clefable|Clefable, M|94/100\n|move|p1a: Garchomp|Fire Fang|p2a: Clefable\n|-damage|p2a: Clefable|77/100\n|\n|upkeep\n|turn|14\n|\n|t:|1790442944\n|switch|p1a: Ferrothorn|Ferrothorn, F|96/100 par\n|-damage|p1a: Ferrothorn|90/100 par|[from] Stealth Rock\n|move|p2a: Clefable|Moonblast|p1a: Ferrothorn\n|-resisted|p1a: Ferrothorn\n|-damage|p1a: Ferrothorn|76/100 par\n|-unboost|p1a: Ferrothorn|spa|1\n|\n|-heal|p1a: Ferrothorn|83/100 par|[from] item: Leftovers\n|upkeep\n|turn|15\n|\n|t:|1790442952\n|switch|p2a: Heatran|Heatran, M|73/100\n|-damage|p2a: Heatran|61/100|[from] Stealth Rock\n|switch|p1a: Zapdos|Zapdos|100/100\n|\n|upkeep\n|turn|16\n|\n|t:|1790442957\n|move|p2a: Heatran|Magma Storm|p1a: Zapdos\n|-damage|p1a: Zapdos|42/100\n|-activate|p1a: Zapdos|move: Magma Storm|[of] p2a: Heatran\n|move|p1a: Zapdos|Volt Switch|p2a: Heatran\n|-damage|p2a: Heatran|22/100\n|\n|t:|1790442959\n|switch|p1a: Garchomp|Garchomp, M|100/100|[from] Volt Switch\n|-damage|p1a: Garchomp|94/100|[from] Stealth Rock\n|\n|-heal|p1a: Garchomp|100/100|[from] item: Leftovers\n|upkeep\n|turn|17\n|\n|t:|1790442970\n|move|p1a: Garchomp|Swords Dance|p1a: Garchomp\n|-boost|p1a: Garchomp|atk|2\n|move|p2a: Heatran|Magma Storm|p1a: Garchomp\n|-resisted|p1a: Garchomp\n|-damage|p1a: Garchomp|71/100\n|-activate|p1a: Garchomp|move: Magma Storm|[of] p2a: Heatran\n|\n|-heal|p1a: Garchomp|77/100|[from] item: Leftovers\n|-damage|p1a: Garchomp|64/100|[from] move: Magma Storm|[partiallytrapped]\n|upkeep\n|turn|18\n|\n|t:|1790442983\n|move|p1a: Garchomp|Earthquake|p2a: Heatran\n|-supereffective|p2a: Heatran\n|-damage|p2a: Heatran|0 fnt\n|faint|p2a: Heatran\n|\n|-heal|p1a: Garchomp|71/100|[from] item: Leftovers\n|-end|p1a: Garchomp|Magma Storm|[partiallytrapped]|[silent]\n|upkeep\n|\n|t:|1790442998\n|switch|p2a: Tornadus|Tornadus-Therian, M|64/100\n|turn|19\n|\n|t:|1790443001\n|move|p2a: Tornadus|U-turn|p1a: Garchomp\n|-damage|p1a: Garchomp|56/100\n|-damage|p2a: Tornadus|51/100|[from] ability: Rough Skin|[of] p1a: Garchomp\n|\n|t:|1790443006\n|switch|p2a: Clefable|Clefable, M|77/100|[from] U-turn\n|move|p1a: Garchomp|Scale Shot|p2a: Clefable\n|-immune|p2a: Clefable\n|\n|-heal|p1a: Garchomp|62/100|[from] item: Leftovers\n|upkeep\n|turn|20\n|\n|t:|1790443011\n|move|p1a: Garchomp|Earthquake|p2a: Clefable\n|-damage|p2a: Clefable|0 fnt\n|faint|p2a: Clefable\n|\n|-heal|p1a: Garchomp|68/100|[from] item: Leftovers\n|upkeep\n|\n|t:|1790443017\n|switch|p2a: Tornadus|Tornadus-Therian, M|84/100\n|turn|21\n|\n|t:|1790443020\n|move|p2a: Tornadus|Hurricane|p1a: Garchomp|[miss]\n|-miss|p2a: Tornadus|p1a: Garchomp\n|move|p1a: Garchomp|Scale Shot|p2a: Tornadus\n|-damage|p2a: Tornadus|55/100\n|-damage|p2a: Tornadus|28/100\n|-hitcount|p2a: Tornadus|2\n|-unboost|p1a: Garchomp|def|1\n|-boost|p1a: Garchomp|spe|1\n|\n|-heal|p1a: Garchomp|74/100|[from] item: Leftovers\n|upkeep\n|turn|22\n|\n|t:|1790443045\n|switch|p2a: Gastrodon|Gastrodon-East, F|100/100\n|-damage|p2a: Gastrodon|94/100|[from] Stealth Rock\n|move|p1a: Garchomp|Fire Fang|p2a: Gastrodon\n|-resisted|p2a: Gastrodon\n|-damage|p2a: Gastrodon|70/100\n|\n|-heal|p1a: Garchomp|80/100|[from] item: Leftovers\n|-heal|p2a: Gastrodon|77/100|[from] item: Leftovers\n|upkeep\n|turn|23\n|\n|t:|1790443052\n|switch|p2a: Tornadus|Tornadus-Therian, M|61/100\n|move|p1a: Garchomp|Earthquake|p2a: Tornadus\n|-immune|p2a: Tornadus\n|\n|-heal|p1a: Garchomp|87/100|[from] item: Leftovers\n|upkeep\n|turn|24\n|\n|t:|1790443062\n|move|p1a: Garchomp|Scale Shot|p2a: Tornadus\n|-damage|p2a: Tornadus|34/100\n|-damage|p2a: Tornadus|9/100\n|-damage|p2a: Tornadus|0 fnt\n|faint|p2a: Tornadus\n|-hitcount|p2: Tornadus|3\n|-unboost|p1a: Garchomp|def|1\n|-boost|p1a: Garchomp|spe|1\n|\n|-heal|p1a: Garchomp|93/100|[from] item: Leftovers\n|upkeep\n|\n|t:|1790443065\n|switch|p2a: Rillaboom|Rillaboom, M|100/100\n|-damage|p2a: Rillaboom|88/100|[from] Stealth Rock\n|-fieldstart|move: Grassy Terrain|[from] ability: Grassy Surge|[of] p2a: Rillaboom\n|turn|25\n|\n|t:|1790443075\n|switch|p1a: Blacephalon|Blacephalon|22/100\n|-damage|p1a: Blacephalon|0 fnt|[from] Stealth Rock\n|faint|p1a: Blacephalon\n|move|p2a: Rillaboom|Grassy Glide|p1: Blacephalon|[notarget]\n|-fail|p2a: Rillaboom\n|\n|-heal|p2a: Rillaboom|94/100|[from] Grassy Terrain\n|-heal|p2a: Rillaboom|100/100|[from] item: Leftovers\n|upkeep\n|\n|t:|1790443081\n|switch|p1a: Zapdos|Zapdos|42/100\n|turn|26\n|\n|t:|1790443093\n|switch|p2a: Gastrodon|Gastrodon-East, F|77/100\n|-damage|p2a: Gastrodon|70/100|[from] Stealth Rock\n|move|p1a: Zapdos|Roost|p1a: Zapdos\n|-heal|p1a: Zapdos|92/100\n|-singleturn|p1a: Zapdos|move: Roost\n|\n|-heal|p1a: Zapdos|99/100|[from] Grassy Terrain\n|-heal|p2a: Gastrodon|77/100|[from] Grassy Terrain\n|-heal|p2a: Gastrodon|83/100|[from] item: Leftovers\n|upkeep\n|turn|27\n|\n|t:|1790443100\n|switch|p1a: Ferrothorn|Ferrothorn, F|83/100 par\n|-damage|p1a: Ferrothorn|76/100 par|[from] Stealth Rock\n|move|p2a: Gastrodon|Scald|p1a: Ferrothorn\n|-resisted|p1a: Ferrothorn\n|-damage|p1a: Ferrothorn|66/100 par\n|\n|-heal|p2a: Gastrodon|89/100|[from] Grassy Terrain\n|-heal|p2a: Gastrodon|95/100|[from] item: Leftovers\n|-heal|p1a: Ferrothorn|72/100 par|[from] Grassy Terrain\n|-heal|p1a: Ferrothorn|79/100 par|[from] item: Leftovers\n|upkeep\n|turn|28\n|\n|t:|1790443108\n|switch|p2a: Melmetal|Melmetal|100/100\n|-damage|p2a: Melmetal|94/100|[from] Stealth Rock\n|move|p1a: Ferrothorn|Spikes|p2a: Melmetal\n|-sidestart|p2: Snaurus|Spikes\n|\n|-heal|p2a: Melmetal|100/100|[from] Grassy Terrain\n|-heal|p1a: Ferrothorn|85/100 par|[from] Grassy Terrain\n|-heal|p1a: Ferrothorn|91/100 par|[from] item: Leftovers\n|upkeep\n|turn|29\n|\n|t:|1790443114\n|move|p2a: Melmetal|Double Iron Bash|p1a: Ferrothorn\n|-resisted|p1a: Ferrothorn\n|-damage|p1a: Ferrothorn|78/100 par\n|-damage|p2a: Melmetal|88/100|[from] ability: Iron Barbs|[of] p1a: Ferrothorn\n|-resisted|p1a: Ferrothorn\n|-damage|p1a: Ferrothorn|65/100 par\n|-damage|p2a: Melmetal|76/100|[from] ability: Iron Barbs|[of] p1a: Ferrothorn\n|-hitcount|p1a: Ferrothorn|2\n|cant|p1a: Ferrothorn|flinch\n|\n|-heal|p2a: Melmetal|82/100|[from] Grassy Terrain\n|-heal|p2a: Melmetal|88/100|[from] item: Leftovers\n|-heal|p1a: Ferrothorn|71/100 par|[from] Grassy Terrain\n|-heal|p1a: Ferrothorn|77/100 par|[from] item: Leftovers\n|-fieldend|move: Grassy Terrain\n|upkeep\n|turn|30\n|\n|t:|1790443120\n|switch|p1a: Zapdos|Zapdos|99/100\n|move|p2a: Melmetal|Superpower|p1a: Zapdos\n|-resisted|p1a: Zapdos\n|-damage|p1a: Zapdos|71/100\n|-unboost|p2a: Melmetal|atk|1\n|-unboost|p2a: Melmetal|def|1\n|-status|p2a: Melmetal|par|[from] ability: Static|[of] p1a: Zapdos\n|\n|-heal|p2a: Melmetal|94/100 par|[from] item: Leftovers\n|upkeep\n|turn|31\n|\n|t:|1790443129\n|switch|p2a: Gastrodon|Gastrodon-East, F|95/100\n|-damage|p2a: Gastrodon|89/100|[from] Stealth Rock\n|-damage|p2a: Gastrodon|76/100|[from] Spikes\n|move|p1a: Zapdos|Roost|p1a: Zapdos\n|-heal|p1a: Zapdos|100/100\n|-singleturn|p1a: Zapdos|move: Roost\n|\n|-heal|p2a: Gastrodon|82/100|[from] item: Leftovers\n|upkeep\n|turn|32\n|\n|t:|1790443136\n|switch|p1a: Ferrothorn|Ferrothorn, F|77/100 par\n|-damage|p1a: Ferrothorn|71/100 par|[from] Stealth Rock\n|move|p2a: Gastrodon|Earth Power|p1a: Ferrothorn\n|-damage|p1a: Ferrothorn|49/100 par\n|\n|-heal|p2a: Gastrodon|89/100|[from] item: Leftovers\n|-heal|p1a: Ferrothorn|55/100 par|[from] item: Leftovers\n|upkeep\n|turn|33\n|\n|t:|1790443144\n|switch|p2a: Melmetal|Melmetal|94/100 par\n|-damage|p2a: Melmetal|88/100 par|[from] Stealth Rock\n|-damage|p2a: Melmetal|75/100 par|[from] Spikes\n|cant|p1a: Ferrothorn|par\n|\n|-heal|p2a: Melmetal|82/100 par|[from] item: Leftovers\n|-heal|p1a: Ferrothorn|61/100 par|[from] item: Leftovers\n|upkeep\n|turn|34\n|\n|t:|1790443151\n|switch|p1a: Zapdos|Zapdos|100/100\n|move|p2a: Melmetal|Thunder Punch|p1a: Zapdos\n|-damage|p1a: Zapdos|59/100\n|\n|-heal|p2a: Melmetal|88/100 par|[from] item: Leftovers\n|upkeep\n|turn|35\n|\n|t:|1790443161\n|switch|p2a: Gastrodon|Gastrodon-East, F|89/100\n|-damage|p2a: Gastrodon|82/100|[from] Stealth Rock\n|-damage|p2a: Gastrodon|70/100|[from] Spikes\n|move|p1a: Zapdos|Roost|p1a: Zapdos\n|-heal|p1a: Zapdos|100/100\n|-singleturn|p1a: Zapdos|move: Roost\n|\n|-heal|p2a: Gastrodon|76/100|[from] item: Leftovers\n|upkeep\n|turn|36\n|\n|t:|1790443165\n|move|p1a: Zapdos|Hurricane|p2a: Gastrodon|[miss]\n|-miss|p1a: Zapdos|p2a: Gastrodon\n|move|p2a: Gastrodon|Earth Power|p1a: Zapdos\n|-immune|p1a: Zapdos\n|\n|-heal|p2a: Gastrodon|82/100|[from] item: Leftovers\n|upkeep\n|turn|37\n|\n|t:|1790443172\n|move|p1a: Zapdos|Hurricane|p2a: Gastrodon|[miss]\n|-miss|p1a: Zapdos|p2a: Gastrodon\n|move|p2a: Gastrodon|Earth Power|p1a: Zapdos\n|-immune|p1a: Zapdos\n|\n|-heal|p2a: Gastrodon|88/100|[from] item: Leftovers\n|upkeep\n|turn|38\n|\n|t:|1790443176\n|switch|p1a: Ferrothorn|Ferrothorn, F|61/100 par\n|-damage|p1a: Ferrothorn|55/100 par|[from] Stealth Rock\n|move|p2a: Gastrodon|Earth Power|p1a: Ferrothorn\n|-damage|p1a: Ferrothorn|30/100 par\n|\n|-heal|p2a: Gastrodon|94/100|[from] item: Leftovers\n|-heal|p1a: Ferrothorn|37/100 par|[from] item: Leftovers\n|upkeep\n|turn|39\n|\n|t:|1790443179\n|switch|p2a: Melmetal|Melmetal|88/100 par\n|-damage|p2a: Melmetal|82/100 par|[from] Stealth Rock\n|-damage|p2a: Melmetal|69/100 par|[from] Spikes\n|move|p1a: Ferrothorn|Leech Seed|p2a: Melmetal\n|-start|p2a: Melmetal|move: Leech Seed\n|\n|-heal|p2a: Melmetal|75/100 par|[from] item: Leftovers\n|-heal|p1a: Ferrothorn|43/100 par|[from] item: Leftovers\n|-damage|p2a: Melmetal|63/100 par|[from] Leech Seed|[of] p1a: Ferrothorn\n|-heal|p1a: Ferrothorn|57/100 par|[silent]\n|upkeep\n|turn|40\n|\n|t:|1790443189\n|switch|p2a: Rillaboom|Rillaboom, M|100/100\n|-damage|p2a: Rillaboom|88/100|[from] Stealth Rock\n|-damage|p2a: Rillaboom|76/100|[from] Spikes\n|-fieldstart|move: Grassy Terrain|[from] ability: Grassy Surge|[of] p2a: Rillaboom\n|switch|p1a: Clefable|Clefable, F|85/100\n|\n|-heal|p2a: Rillaboom|82/100|[from] Grassy Terrain\n|-heal|p2a: Rillaboom|88/100|[from] item: Leftovers\n|-heal|p1a: Clefable|91/100|[from] Grassy Terrain\n|upkeep\n|turn|41\n|\n|t:|1790443194\n|switch|p1a: Zapdos|Zapdos|100/100\n|move|p2a: Rillaboom|Swords Dance|p2a: Rillaboom\n|-boost|p2a: Rillaboom|atk|2\n|\n|-heal|p2a: Rillaboom|94/100|[from] Grassy Terrain\n|-heal|p2a: Rillaboom|100/100|[from] item: Leftovers\n|upkeep\n|turn|42\n|\n|t:|1790443207\n|switch|p2a: Gastrodon|Gastrodon-East, F|94/100\n|-damage|p2a: Gastrodon|88/100|[from] Stealth Rock\n|-damage|p2a: Gastrodon|76/100|[from] Spikes\n|move|p1a: Zapdos|Hurricane|p2a: Gastrodon\n|-damage|p2a: Gastrodon|31/100\n|\n|-heal|p2a: Gastrodon|37/100|[from] Grassy Terrain\n|-heal|p2a: Gastrodon|43/100|[from] item: Leftovers\n|upkeep\n|turn|43\n|\n|t:|1790443211\n|move|p1a: Zapdos|Hurricane|p2a: Gastrodon|[miss]\n|-miss|p1a: Zapdos|p2a: Gastrodon\n|move|p2a: Gastrodon|Recover|p2a: Gastrodon\n|-heal|p2a: Gastrodon|93/100\n|\n|-heal|p2a: Gastrodon|99/100|[from] Grassy Terrain\n|-heal|p2a: Gastrodon|100/100|[from] item: Leftovers\n|upkeep\n|turn|44\n|\n|t:|1790443215\n|switch|p1a: Clefable|Clefable, F|91/100\n|move|p2a: Gastrodon|Toxic|p1a: Clefable\n|-status|p1a: Clefable|tox\n|\n|-heal|p1a: Clefable|97/100 tox|[from] Grassy Terrain\n|-fieldend|move: Grassy Terrain\n|upkeep\n|turn|45\n|inactive|Snaurus has 270 seconds left.\n|\n|t:|1790443254\n|switch|p2a: Melmetal|Melmetal|63/100 par\n|-damage|p2a: Melmetal|57/100 par|[from] Stealth Rock\n|-damage|p2a: Melmetal|44/100 par|[from] Spikes\n|move|p1a: Clefable|Knock Off|p2a: Melmetal\n|-damage|p2a: Melmetal|35/100 par\n|-enditem|p2a: Melmetal|Leftovers|[from] move: Knock Off|[of] p1a: Clefable\n|\n|upkeep\n|turn|46\n|\n|t:|1790443262\n|switch|p1a: Ferrothorn|Ferrothorn, F|57/100 par\n|-damage|p1a: Ferrothorn|51/100 par|[from] Stealth Rock\n|move|p2a: Melmetal|Thunder Punch|p1a: Ferrothorn\n|-resisted|p1a: Ferrothorn\n|-damage|p1a: Ferrothorn|41/100 par\n|-damage|p2a: Melmetal|23/100 par|[from] ability: Iron Barbs|[of] p1a: Ferrothorn\n|\n|-heal|p1a: Ferrothorn|47/100 par|[from] item: Leftovers\n|upkeep\n|turn|47\n|\n|t:|1790443269\n|switch|p1a: Zapdos|Zapdos|100/100\n|move|p2a: Melmetal|Thunder Punch|p1a: Zapdos\n|-crit|p1a: Zapdos\n|-damage|p1a: Zapdos|43/100\n|\n|upkeep\n|turn|48\n|\n|t:|1790443273\n|move|p1a: Zapdos|Roost|p1a: Zapdos\n|-heal|p1a: Zapdos|93/100\n|-singleturn|p1a: Zapdos|move: Roost\n|move|p2a: Melmetal|Superpower|p1a: Zapdos\n|-damage|p1a: Zapdos|35/100\n|-unboost|p2a: Melmetal|atk|1\n|-unboost|p2a: Melmetal|def|1\n|\n|upkeep\n|turn|49\n|\n|t:|1790443283\n|switch|p2a: Gastrodon|Gastrodon-East, F|100/100\n|-damage|p2a: Gastrodon|94/100|[from] Stealth Rock\n|-damage|p2a: Gastrodon|82/100|[from] Spikes\n|move|p1a: Zapdos|Roost|p1a: Zapdos\n|-heal|p1a: Zapdos|85/100\n|-singleturn|p1a: Zapdos|move: Roost\n|\n|-heal|p2a: Gastrodon|88/100|[from] item: Leftovers\n|upkeep\n|turn|50\n|\n|t:|1790443298\n|switch|p1a: Ferrothorn|Ferrothorn, F|47/100 par\n|-damage|p1a: Ferrothorn|41/100 par|[from] Stealth Rock\n|move|p2a: Gastrodon|Scald|p1a: Ferrothorn\n|-resisted|p1a: Ferrothorn\n|-damage|p1a: Ferrothorn|30/100 par\n|\n|-heal|p2a: Gastrodon|94/100|[from] item: Leftovers\n|-heal|p1a: Ferrothorn|37/100 par|[from] item: Leftovers\n|upkeep\n|turn|51\n|\n|t:|1790443306\n|move|p2a: Gastrodon|Earth Power|p1a: Ferrothorn\n|-damage|p1a: Ferrothorn|13/100 par\n|move|p1a: Ferrothorn|Knock Off|p2a: Gastrodon\n|-damage|p2a: Gastrodon|72/100\n|-enditem|p2a: Gastrodon|Leftovers|[from] move: Knock Off|[of] p1a: Ferrothorn\n|\n|-heal|p1a: Ferrothorn|19/100 par|[from] item: Leftovers\n|upkeep\n|turn|52\n|\n|t:|1790443313\n|move|p2a: Gastrodon|Earth Power|p1a: Ferrothorn\n|-damage|p1a: Ferrothorn|0 fnt\n|faint|p1a: Ferrothorn\n|\n|upkeep\n|\n|t:|1790443314\n|switch|p1a: Garchomp|Garchomp, M|93/100\n|-damage|p1a: Garchomp|87/100|[from] Stealth Rock\n|turn|53\n|\n|t:|1790443321\n|move|p1a: Garchomp|Earthquake|p2a: Gastrodon\n|-damage|p2a: Gastrodon|15/100\n|move|p2a: Gastrodon|Toxic|p1a: Garchomp\n|-status|p1a: Garchomp|tox\n|\n|-heal|p1a: Garchomp|93/100 tox|[from] item: Leftovers\n|-damage|p1a: Garchomp|87/100 tox|[from] psn\n|upkeep\n|turn|54\n|\n|t:|1790443327\n|move|p1a: Garchomp|Earthquake|p2a: Gastrodon\n|-crit|p2a: Gastrodon\n|-damage|p2a: Gastrodon|0 fnt\n|faint|p2a: Gastrodon\n|\n|-heal|p1a: Garchomp|93/100 tox|[from] item: Leftovers\n|-damage|p1a: Garchomp|80/100 tox|[from] psn\n|upkeep\n|\n|t:|1790443329\n|switch|p2a: Rillaboom|Rillaboom, M|100/100\n|-damage|p2a: Rillaboom|88/100|[from] Stealth Rock\n|-damage|p2a: Rillaboom|76/100|[from] Spikes\n|-fieldstart|move: Grassy Terrain|[from] ability: Grassy Surge|[of] p2a: Rillaboom\n|turn|55\n|\n|t:|1790443332\n|move|p1a: Garchomp|Fire Fang|p2a: Rillaboom\n|-supereffective|p2a: Rillaboom\n|-damage|p2a: Rillaboom|34/100\n|move|p2a: Rillaboom|Swords Dance|p2a: Rillaboom\n|-boost|p2a: Rillaboom|atk|2\n|\n|-heal|p1a: Garchomp|87/100 tox|[from] Grassy Terrain\n|-heal|p1a: Garchomp|93/100 tox|[from] item: Leftovers\n|-heal|p2a: Rillaboom|40/100|[from] Grassy Terrain\n|-heal|p2a: Rillaboom|46/100|[from] item: Leftovers\n|-damage|p1a: Garchomp|74/100 tox|[from] psn\n|upkeep\n|turn|56\n|\n|t:|1790443338\n|move|p2a: Rillaboom|Grassy Glide|p1a: Garchomp\n|-damage|p1a: Garchomp|0 fnt\n|-damage|p2a: Rillaboom|34/100|[from] ability: Rough Skin|[of] p1a: Garchomp\n|faint|p1a: Garchomp\n|\n|-heal|p2a: Rillaboom|40/100|[from] Grassy Terrain\n|-heal|p2a: Rillaboom|46/100|[from] item: Leftovers\n|upkeep\n|\n|t:|1790443340\n|switch|p1a: Zapdos|Zapdos|85/100\n|turn|57\n|\n|t:|1790443343\n|move|p1a: Zapdos|Heat Wave|p2a: Rillaboom\n|-supereffective|p2a: Rillaboom\n|-damage|p2a: Rillaboom|0 fnt\n|faint|p2a: Rillaboom\n|\n|upkeep\n|c|\u2606Snaurus|gg\n|-message|Snaurus forfeited.\n|\n|win|Peum\n", "uploadtime": 1790443349, "views": "100", "formatid": "gen8ou", "rating": null, "private": 0, "password": null}