{"id": "smogtours-gen8ou-976984", "format": "[Gen 8] OU", "players": ["crying", "Bouff"], "log": "|inactive|Battle timer is ON: inactive players will automatically lose when time's up.\n|t:|1791151356\n|gametype|singles\n|player|p1|crying|#scl2shoguns|\n|player|p2|Bouff|#uucliambipoms|\n|gen|8\n|tier|[Gen 8] OU\n|rule|HP Percentage Mod: HP is shown in percentages\n|rule|Endless Battle Clause: Forcing endless battles is banned\n|rule|Sleep Clause Mod: Limit one foe put to sleep\n|rule|Species Clause: Limit one of each Pok\u00e9mon\n|rule|OHKO Clause: OHKO moves are banned\n|rule|Evasion Items Clause: Evasion items are banned\n|rule|Evasion Moves Clause: Evasion moves are banned\n|rule|Dynamax Clause: You cannot dynamax\n|clearpoke\n|poke|p1|Landorus-Therian, M|\n|poke|p1|Tornadus-Therian, M|\n|poke|p1|Toxapex, M|\n|poke|p1|Melmetal|\n|poke|p1|Tapu Koko|\n|poke|p1|Urshifu-*, M|\n|poke|p2|Dragonite, F|\n|poke|p2|Ferrothorn, F|\n|poke|p2|Heatran, F|\n|poke|p2|Clefable, M|\n|poke|p2|Landorus-Therian, M|\n|poke|p2|Zeraora|\n|teampreview\n|c|\u2606Bouff|hf\n|c|\u2606crying|hf\n|inactive|crying has 270 seconds left.\n|inactive|Bouff has 270 seconds left.\n|\n|t:|1791151411\n|teamsize|p1|6\n|teamsize|p2|6\n|start\n|switch|p1a: Tornadus|Tornadus-Therian, M|100/100\n|switch|p2a: Landorus|Landorus-Therian, M|100/100\n|-ability|p2a: Landorus|Intimidate|boost\n|-unboost|p1a: Tornadus|atk|1\n|turn|1\n|\n|t:|1791151417\n|move|p1a: Tornadus|Knock Off|p2a: Landorus\n|-damage|p2a: Landorus|83/100\n|-enditem|p2a: Landorus|Normal Gem|[from] move: Knock Off|[of] p1a: Tornadus\n|move|p2a: Landorus|Knock Off|p1a: Tornadus\n|-damage|p1a: Tornadus|60/100\n|-enditem|p1a: Tornadus|Heavy-Duty Boots|[from] move: Knock Off|[of] p2a: Landorus\n|\n|upkeep\n|turn|2\n|\n|t:|1791151424\n|move|p1a: Tornadus|Hurricane|p2a: Landorus\n|-crit|p2a: Landorus\n|-damage|p2a: Landorus|11/100\n|move|p2a: Landorus|Stealth Rock|p1a: Tornadus\n|-sidestart|p1: crying|move: Stealth Rock\n|\n|upkeep\n|turn|3\n|\n|t:|1791151438\n|move|p1a: Tornadus|Defog|p2a: Landorus\n|-unboost|p2a: Landorus|evasion|1\n|-sideend|p1: crying|Stealth Rock|[from] move: Defog|[of] p1a: Tornadus\n|move|p2a: Landorus|Explosion|p1a: Tornadus\n|-crit|p1a: Tornadus\n|-damage|p1a: Tornadus|0 fnt\n|faint|p2a: Landorus\n|faint|p1a: Tornadus\n|\n|upkeep\n|\n|t:|1791151453\n|switch|p1a: Urshifu|Urshifu-Rapid-Strike, M|100/100\n|switch|p2a: Clefable|Clefable, M|100/100\n|turn|4\n|\n|t:|1791151459\n|move|p1a: Urshifu|U-turn|p2a: Clefable\n|-resisted|p2a: Clefable\n|-damage|p2a: Clefable|90/100\n|\n|t:|1791151461\n|switch|p1a: Toxapex|Toxapex, M|100/100|[from] U-turn\n|move|p2a: Clefable|Flamethrower|p1a: Toxapex\n|-resisted|p1a: Toxapex\n|-damage|p1a: Toxapex|93/100\n|\n|upkeep\n|turn|5\n|\n|t:|1791151469\n|move|p2a: Clefable|Calm Mind|p2a: Clefable\n|-boost|p2a: Clefable|spa|1\n|-boost|p2a: Clefable|spd|1\n|move|p1a: Toxapex|Knock Off|p2a: Clefable\n|-resisted|p2a: Clefable\n|-damage|p2a: Clefable|83/100\n|-enditem|p2a: Clefable|Life Orb|[from] move: Knock Off|[of] p1a: Toxapex\n|\n|upkeep\n|turn|6\n|\n|t:|1791151477\n|switch|p1a: Landorus|Landorus-Therian, M|100/100\n|-ability|p1a: Landorus|Intimidate|boost\n|-unboost|p2a: Clefable|atk|1\n|move|p2a: Clefable|Flamethrower|p1a: Landorus\n|-damage|p1a: Landorus|76/100\n|\n|-heal|p1a: Landorus|82/100|[from] item: Leftovers\n|upkeep\n|turn|7\n|\n|t:|1791151483\n|move|p1a: Landorus|Earthquake|p2a: Clefable\n|-damage|p2a: Clefable|43/100\n|move|p2a: Clefable|Moonblast|p1a: Landorus\n|-damage|p1a: Landorus|45/100\n|\n|-heal|p1a: Landorus|51/100|[from] item: Leftovers\n|upkeep\n|turn|8\n|\n|t:|1791151490\n|move|p1a: Landorus|Earthquake|p2a: Clefable\n|-crit|p2a: Clefable\n|-damage|p2a: Clefable|0 fnt\n|faint|p2a: Clefable\n|\n|-heal|p1a: Landorus|57/100|[from] item: Leftovers\n|upkeep\n|\n|t:|1791151496\n|switch|p2a: Dragonite|Dragonite, F|100/100\n|turn|9\n|\n|t:|1791151501\n|switch|p1a: Toxapex|Toxapex, M|100/100\n|move|p2a: Dragonite|Dragon Dance|p2a: Dragonite\n|-boost|p2a: Dragonite|atk|1\n|-boost|p2a: Dragonite|spe|1\n|\n|upkeep\n|turn|10\n|\n|t:|1791151504\n|switch|p2a: Ferrothorn|Ferrothorn, F|100/100\n|move|p1a: Toxapex|Toxic|p2a: Ferrothorn\n|-immune|p2a: Ferrothorn\n|\n|upkeep\n|turn|11\n|\n|t:|1791151516\n|switch|p1a: Melmetal|Melmetal|100/100\n|move|p2a: Ferrothorn|Spikes|p1a: Melmetal\n|-sidestart|p1: crying|Spikes\n|\n|upkeep\n|turn|12\n|\n|t:|1791151522\n|move|p1a: Melmetal|Substitute|p1a: Melmetal\n|-start|p1a: Melmetal|Substitute\n|-damage|p1a: Melmetal|76/100\n|move|p2a: Ferrothorn|Leech Seed||[still]\n|-fail|p2a: Ferrothorn\n|\n|-heal|p1a: Melmetal|82/100|[from] item: Leftovers\n|upkeep\n|turn|13\n|\n|t:|1791151526\n|switch|p2a: Zeraora|Zeraora|100/100\n|move|p1a: Melmetal|Acid Armor|p1a: Melmetal\n|-boost|p1a: Melmetal|def|2\n|\n|-heal|p1a: Melmetal|88/100|[from] item: Leftovers\n|upkeep\n|turn|14\n|\n|t:|1791151531\n|move|p2a: Zeraora|Close Combat|p1a: Melmetal\n|-supereffective|p1a: Melmetal\n|-activate|p1a: Melmetal|move: Substitute|[damage]\n|-unboost|p2a: Zeraora|def|1\n|-unboost|p2a: Zeraora|spd|1\n|move|p1a: Melmetal|Acid Armor|p1a: Melmetal\n|-boost|p1a: Melmetal|def|2\n|\n|-heal|p1a: Melmetal|94/100|[from] item: Leftovers\n|upkeep\n|turn|15\n|\n|t:|1791151535\n|switch|p2a: Heatran|Heatran, F|100/100\n|move|p1a: Melmetal|Substitute|p1a: Melmetal\n|-fail|p1a: Melmetal|move: Substitute\n|\n|-heal|p1a: Melmetal|99/100|[from] item: Leftovers\n|upkeep\n|turn|16\n|\n|t:|1791151538\n|move|p2a: Heatran|Earth Power|p1a: Melmetal\n|-supereffective|p1a: Melmetal\n|-end|p1a: Melmetal|Substitute\n|move|p1a: Melmetal|Body Press|p2a: Heatran\n|-supereffective|p2a: Heatran\n|-damage|p2a: Heatran|0 fnt\n|faint|p2a: Heatran\n|\n|-heal|p1a: Melmetal|100/100|[from] item: Leftovers\n|upkeep\n|\n|t:|1791151540\n|switch|p2a: Dragonite|Dragonite, F|100/100\n|turn|17\n|\n|t:|1791151544\n|move|p2a: Dragonite|Dragon Dance|p2a: Dragonite\n|-boost|p2a: Dragonite|atk|1\n|-boost|p2a: Dragonite|spe|1\n|move|p1a: Melmetal|Double Iron Bash|p2a: Dragonite\n|-damage|p2a: Dragonite|82/100\n|-damage|p2a: Dragonite|47/100\n|-hitcount|p2a: Dragonite|2\n|\n|upkeep\n|turn|18\n|\n|t:|1791151550\n|move|p2a: Dragonite|Roost|p2a: Dragonite\n|-heal|p2a: Dragonite|97/100\n|-singleturn|p2a: Dragonite|move: Roost\n|move|p1a: Melmetal|Double Iron Bash|p2a: Dragonite\n|-damage|p2a: Dragonite|61/100\n|-damage|p2a: Dragonite|28/100\n|-hitcount|p2a: Dragonite|2\n|\n|upkeep\n|turn|19\n|c|\u2606Bouff|gg\n|-message|Bouff forfeited.\n|\n|win|crying\n", "uploadtime": 1791151554, "views": "79", "formatid": "gen8ou", "rating": null, "private": 0, "password": null}