{"id": "smogtours-gen8ou-974789", "format": "[Gen 8] OU", "players": ["Bouff", "Cow"], "log": "|inactive|Battle timer is ON: inactive players will automatically lose when time's up.\n|t:|1790509675\n|gametype|singles\n|player|p1|Bouff|#scl6machines2|\n|player|p2|Cow|#splxviitigers2|\n|gen|8\n|tier|[Gen 8] OU\n|rule|HP Percentage Mod: HP is shown in percentages\n|rule|Endless Battle Clause: Forcing endless battles is banned\n|rule|Sleep Clause Mod: Limit one foe put to sleep\n|rule|Species Clause: Limit one of each Pok\u00e9mon\n|rule|OHKO Clause: OHKO moves are banned\n|rule|Evasion Items Clause: Evasion items are banned\n|rule|Evasion Moves Clause: Evasion moves are banned\n|rule|Dynamax Clause: You cannot dynamax\n|clearpoke\n|poke|p1|Landorus-Therian, M|\n|poke|p1|Heatran, M|\n|poke|p1|Rillaboom, F|\n|poke|p1|Dragonite, F|\n|poke|p1|Volcarona, M|\n|poke|p1|Garchomp, F|\n|poke|p2|Blacephalon|\n|poke|p2|Clefable, F|\n|poke|p2|Excadrill, F|\n|poke|p2|Hippowdon, M|\n|poke|p2|Skarmory, F|\n|poke|p2|Toxapex, M|\n|teampreview\n|c|\u2606Bouff|hf\n|c|\u2606Cow|hff\n|inactive|Bouff has 270 seconds left.\n|inactive|Cow has 270 seconds left.\n|inactive|Cow has 240 seconds left.\n|\n|t:|1790509737\n|teamsize|p1|6\n|teamsize|p2|6\n|start\n|switch|p1a: Landorus|Landorus-Therian, M|100/100\n|switch|p2a: Clefable|Clefable, F|100/100\n|-ability|p1a: Landorus|Intimidate|boost\n|-unboost|p2a: Clefable|atk|1\n|turn|1\n|inactive|Cow has 270 seconds left.\n|\n|t:|1790509783\n|switch|p2a: Skarmory|Skarmory, F|100/100\n|move|p1a: Landorus|Stealth Rock|p2a: Skarmory\n|-sidestart|p2: Cow|move: Stealth Rock\n|\n|upkeep\n|turn|2\n|\n|t:|1790509787\n|switch|p1a: Heatran|Heatran, M|100/100\n|-item|p1a: Heatran|Air Balloon\n|move|p2a: Skarmory|Spikes|p1a: Heatran\n|-sidestart|p1: Bouff|Spikes\n|\n|upkeep\n|turn|3\n|inactive|Cow has 270 seconds left.\n|inactive|Cow has 240 seconds left.\n|\n|t:|1790509843\n|switch|p2a: Clefable|Clefable, F|100/100\n|move|p1a: Heatran|Magma Storm|p2a: Clefable\n|-damage|p2a: Clefable|59/100\n|-activate|p2a: Clefable|move: Magma Storm|[of] p1a: Heatran\n|\n|-heal|p2a: Clefable|65/100|[from] item: Leftovers\n|upkeep\n|turn|4\n|\n|t:|1790509866\n|switch|p1a: Rillaboom|Rillaboom, F|100/100\n|-damage|p1a: Rillaboom|88/100|[from] Spikes\n|-fieldstart|move: Grassy Terrain|[from] ability: Grassy Surge|[of] p1a: Rillaboom\n|move|p2a: Clefable|Moonblast|p1a: Rillaboom\n|-damage|p1a: Rillaboom|44/100\n|\n|-heal|p1a: Rillaboom|50/100|[from] Grassy Terrain\n|-heal|p2a: Clefable|71/100|[from] Grassy Terrain\n|-heal|p2a: Clefable|77/100|[from] item: Leftovers\n|-end|p2a: Clefable|Magma Storm|[partiallytrapped]|[silent]\n|upkeep\n|turn|5\n|inactive|Cow has 210 seconds left.\n|\n|t:|1790509922\n|switch|p2a: Skarmory|Skarmory, F|100/100\n|-damage|p2a: Skarmory|88/100|[from] Stealth Rock\n|move|p1a: Rillaboom|Swords Dance|p1a: Rillaboom\n|-boost|p1a: Rillaboom|atk|2\n|\n|-heal|p1a: Rillaboom|57/100|[from] Grassy Terrain\n|upkeep\n|turn|6\n|inactive|Bouff has 270 seconds left.\n|inactive|Cow has 180 seconds left.\n|\n|t:|1790509944\n|move|p1a: Rillaboom|Swords Dance|p1a: Rillaboom\n|-boost|p1a: Rillaboom|atk|2\n|move|p2a: Skarmory|Body Press|p1a: Rillaboom\n|-damage|p1a: Rillaboom|20/100\n|\n|-heal|p1a: Rillaboom|27/100|[from] Grassy Terrain\n|upkeep\n|turn|7\n|inactive|Bouff has 270 seconds left.\n|inactive|Cow has 180 seconds left.\n|\n|t:|1790509958\n|move|p1a: Rillaboom|Superpower|p2a: Skarmory\n|-damage|p2a: Skarmory|0 fnt\n|-unboost|p1a: Rillaboom|atk|1\n|-unboost|p1a: Rillaboom|def|1\n|-damage|p1a: Rillaboom|10/100|[from] item: Rocky Helmet|[of] p2a: Skarmory\n|faint|p2a: Skarmory\n|-damage|p1a: Rillaboom|0 fnt|[from] item: Life Orb\n|faint|p1a: Rillaboom\n|\n|upkeep\n|inactive|Bouff has 270 seconds left.\n|inactive|Cow has 180 seconds left.\n|\n|t:|1790509971\n|switch|p1a: Landorus|Landorus-Therian, M|100/100\n|switch|p2a: Clefable|Clefable, F|77/100\n|-ability|p1a: Landorus|Intimidate|boost\n|-unboost|p2a: Clefable|atk|1\n|turn|8\n|inactive|Bouff has 270 seconds left.\n|\n|t:|1790510009\n|move|p1a: Landorus|Explosion|p2a: Clefable\n|-enditem|p1a: Landorus|Normal Gem|[from] gem|[move] Explosion\n|-damage|p2a: Clefable|0 fnt\n|faint|p1a: Landorus\n|faint|p2a: Clefable\n|\n|-fieldend|move: Grassy Terrain\n|upkeep\n|inactive|Bouff has 240 seconds left.\n|inactive|Cow has 180 seconds left.\n|inactive|Cow has 150 seconds left.\n|\n|t:|1790510067\n|switch|p1a: Garchomp|Garchomp, F|100/100\n|switch|p2a: Hippowdon|Hippowdon, M|100/100\n|-damage|p1a: Garchomp|88/100|[from] Spikes\n|-damage|p2a: Hippowdon|94/100|[from] Stealth Rock\n|-weather|Sandstorm|[from] ability: Sand Stream|[of] p2a: Hippowdon\n|turn|9\n|inactive|Bouff has 240 seconds left.\n|\n|t:|1790510083\n|switch|p1a: Heatran|Heatran, M|100/100\n|-item|p1a: Heatran|Air Balloon\n|move|p2a: Hippowdon|Toxic|p1a: Heatran\n|-immune|p1a: Heatran\n|\n|-weather|Sandstorm|[upkeep]\n|-heal|p2a: Hippowdon|100/100|[from] item: Leftovers\n|upkeep\n|turn|10\n|inactive|Cow has 150 seconds left.\n|\n|t:|1790510089\n|switch|p2a: Toxapex|Toxapex, M|100/100\n|-damage|p2a: Toxapex|88/100|[from] Stealth Rock\n|move|p1a: Heatran|Magma Storm|p2a: Toxapex\n|-resisted|p2a: Toxapex\n|-damage|p2a: Toxapex|72/100\n|-activate|p2a: Toxapex|move: Magma Storm|[of] p1a: Heatran\n|\n|-weather|Sandstorm|[upkeep]\n|-damage|p2a: Toxapex|67/100|[from] Sandstorm\n|-damage|p2a: Toxapex|54/100|[from] move: Magma Storm|[partiallytrapped]\n|upkeep\n|turn|11\n|\n|t:|1790510104\n|switch|p1a: Garchomp|Garchomp, F|88/100\n|-damage|p1a: Garchomp|76/100|[from] Spikes\n|move|p2a: Toxapex|Knock Off|p1a: Garchomp\n|-damage|p1a: Garchomp|60/100\n|-damage|p2a: Toxapex|42/100|[from] ability: Rough Skin|[of] p1a: Garchomp\n|-enditem|p1a: Garchomp|Life Orb|[from] move: Knock Off|[of] p2a: Toxapex\n|\n|-weather|Sandstorm|[upkeep]\n|-damage|p2a: Toxapex|36/100|[from] Sandstorm\n|-end|p2a: Toxapex|Magma Storm|[partiallytrapped]|[silent]\n|upkeep\n|turn|12\n|inactive|Bouff has 240 seconds left.\n|inactive|Cow has 150 seconds left.\n|\n|t:|1790510138\n|switch|p2a: Hippowdon|Hippowdon, M|100/100\n|-damage|p2a: Hippowdon|94/100|[from] Stealth Rock\n|move|p1a: Garchomp|Swords Dance|p1a: Garchomp\n|-boost|p1a: Garchomp|atk|2\n|\n|-weather|Sandstorm|[upkeep]\n|-heal|p2a: Hippowdon|100/100|[from] item: Leftovers\n|upkeep\n|turn|13\n|\n|t:|1790510161\n|move|p1a: Garchomp|Earthquake|p2a: Hippowdon\n|-damage|p2a: Hippowdon|24/100\n|move|p2a: Hippowdon|Earthquake|p1a: Garchomp\n|-damage|p1a: Garchomp|18/100\n|\n|-weather|none\n|-heal|p2a: Hippowdon|30/100|[from] item: Leftovers\n|upkeep\n|turn|14\n|inactive|Bouff has 240 seconds left.\n|inactive|Cow has 120 seconds left.\n|\n|t:|1790510203\n|switch|p2a: Blacephalon|Blacephalon|100/100\n|-damage|p2a: Blacephalon|76/100|[from] Stealth Rock\n|move|p1a: Garchomp|Scale Shot|p2a: Blacephalon\n|-crit|p2a: Blacephalon\n|-damage|p2a: Blacephalon|0 fnt\n|faint|p2a: Blacephalon\n|-hitcount|p2: Blacephalon|1\n|-unboost|p1a: Garchomp|def|1\n|-boost|p1a: Garchomp|spe|1\n|\n|upkeep\n|\n|t:|1790510206\n|switch|p2a: Excadrill|Excadrill, F, shiny|100/100\n|-damage|p2a: Excadrill|97/100|[from] Stealth Rock\n|turn|15\n|\n|t:|1790510227\n|switch|p2a: Hippowdon|Hippowdon, M|30/100\n|-damage|p2a: Hippowdon|24/100|[from] Stealth Rock\n|-weather|Sandstorm|[from] ability: Sand Stream|[of] p2a: Hippowdon\n|move|p1a: Garchomp|Earthquake|p2a: Hippowdon\n|-damage|p2a: Hippowdon|0 fnt\n|faint|p2a: Hippowdon\n|\n|-weather|Sandstorm|[upkeep]\n|upkeep\n|\n|t:|1790510228\n|switch|p2a: Excadrill|Excadrill, F, shiny|97/100\n|-damage|p2a: Excadrill|94/100|[from] Stealth Rock\n|turn|16\n|\n|t:|1790510230\n|move|p2a: Excadrill|Rapid Spin|p1a: Garchomp\n|-damage|p1a: Garchomp|0 fnt\n|-boost|p2a: Excadrill|spe|1\n|-damage|p2a: Excadrill|82/100|[from] ability: Rough Skin|[of] p1a: Garchomp\n|-sideend|p2: Cow|Stealth Rock|[from] move: Rapid Spin|[of] p2a: Excadrill\n|faint|p1a: Garchomp\n|\n|-weather|Sandstorm|[upkeep]\n|-heal|p2a: Excadrill|88/100|[from] item: Leftovers\n|upkeep\n|\n|t:|1790510242\n|switch|p1a: Heatran|Heatran, M|100/100\n|-item|p1a: Heatran|Air Balloon\n|turn|17\n|inactive|Cow has 120 seconds left.\n|\n|t:|1790510249\n|move|p2a: Excadrill|Iron Head|p1a: Heatran\n|-resisted|p1a: Heatran\n|-damage|p1a: Heatran|92/100\n|-enditem|p1a: Heatran|Air Balloon\n|cant|p1a: Heatran|flinch\n|\n|-weather|Sandstorm|[upkeep]\n|-heal|p2a: Excadrill|94/100|[from] item: Leftovers\n|upkeep\n|turn|18\n|inactive|Bouff has 240 seconds left.\n|inactive|Cow has 120 seconds left.\n|\n|t:|1790510264\n|switch|p1a: Dragonite|Dragonite, F|100/100\n|move|p2a: Excadrill|Swords Dance|p2a: Excadrill\n|-boost|p2a: Excadrill|atk|2\n|\n|-weather|Sandstorm|[upkeep]\n|-damage|p1a: Dragonite|94/100|[from] Sandstorm\n|-heal|p2a: Excadrill|99/100|[from] item: Leftovers\n|upkeep\n|turn|19\n|\n|t:|1790510270\n|move|p2a: Excadrill|Iron Head|p1a: Dragonite\n|-damage|p1a: Dragonite|6/100\n|move|p1a: Dragonite|Superpower|p2a: Excadrill\n|-supereffective|p2a: Excadrill\n|-damage|p2a: Excadrill|0 fnt\n|-unboost|p1a: Dragonite|atk|1\n|-unboost|p1a: Dragonite|def|1\n|faint|p2a: Excadrill\n|\n|-weather|none\n|upkeep\n|\n|t:|1790510275\n|switch|p2a: Toxapex|Toxapex, M|69/100\n|turn|20\n|\n|t:|1790510282\n|move|p1a: Dragonite|Dragon Dance|p1a: Dragonite\n|-boost|p1a: Dragonite|atk|1\n|-boost|p1a: Dragonite|spe|1\n|move|p2a: Toxapex|Recover|p2a: Toxapex\n|-heal|p2a: Toxapex|100/100\n|\n|upkeep\n|turn|21\n|\n|t:|1790510285\n|move|p1a: Dragonite|Dual Wingbeat|p2a: Toxapex|[miss]\n|-miss|p1a: Dragonite|p2a: Toxapex\n|move|p2a: Toxapex|Knock Off|p1a: Dragonite\n|-damage|p1a: Dragonite|0 fnt\n|-enditem|p1a: Dragonite|Heavy-Duty Boots|[from] move: Knock Off|[of] p2a: Toxapex\n|faint|p1a: Dragonite\n|\n|upkeep\n|\n|t:|1790510290\n|switch|p1a: Heatran|Heatran, M|92/100\n|-damage|p1a: Heatran|80/100|[from] Spikes\n|turn|22\n|\n|t:|1790510295\n|move|p1a: Heatran|Will-O-Wisp|p2a: Toxapex\n|-status|p2a: Toxapex|brn\n|move|p2a: Toxapex|Knock Off|p1a: Heatran\n|-damage|p1a: Heatran|75/100\n|\n|-damage|p2a: Toxapex|95/100 brn|[from] brn\n|upkeep\n|turn|23\n|\n|t:|1790510305\n|move|p1a: Heatran|Magma Storm|p2a: Toxapex\n|-resisted|p2a: Toxapex\n|-damage|p2a: Toxapex|80/100 brn\n|-activate|p2a: Toxapex|move: Magma Storm|[of] p1a: Heatran\n|move|p2a: Toxapex|Knock Off|p1a: Heatran\n|-damage|p1a: Heatran|70/100\n|\n|-damage|p2a: Toxapex|74/100 brn|[from] brn\n|-damage|p2a: Toxapex|62/100 brn|[from] move: Magma Storm|[partiallytrapped]\n|upkeep\n|turn|24\n|\n|t:|1790510311\n|move|p1a: Heatran|Earth Power|p2a: Toxapex\n|-supereffective|p2a: Toxapex\n|-damage|p2a: Toxapex|24/100 brn\n|move|p2a: Toxapex|Recover|p2a: Toxapex\n|-heal|p2a: Toxapex|74/100 brn\n|\n|-damage|p2a: Toxapex|68/100 brn|[from] brn\n|-damage|p2a: Toxapex|56/100 brn|[from] move: Magma Storm|[partiallytrapped]\n|upkeep\n|turn|25\n|\n|t:|1790510314\n|move|p1a: Heatran|Earth Power|p2a: Toxapex\n|-supereffective|p2a: Toxapex\n|-damage|p2a: Toxapex|18/100 brn\n|move|p2a: Toxapex|Recover|p2a: Toxapex\n|-heal|p2a: Toxapex|68/100 brn\n|\n|-damage|p2a: Toxapex|62/100 brn|[from] brn\n|-damage|p2a: Toxapex|50/100 brn|[from] move: Magma Storm|[partiallytrapped]\n|upkeep\n|turn|26\n|\n|t:|1790510317\n|move|p1a: Heatran|Earth Power|p2a: Toxapex\n|-supereffective|p2a: Toxapex\n|-damage|p2a: Toxapex|10/100 brn\n|move|p2a: Toxapex|Recover|p2a: Toxapex\n|-heal|p2a: Toxapex|60/100 brn\n|\n|-damage|p2a: Toxapex|54/100 brn|[from] brn\n|-damage|p2a: Toxapex|42/100 brn|[from] move: Magma Storm|[partiallytrapped]\n|upkeep\n|turn|27\n|\n|t:|1790510319\n|move|p1a: Heatran|Earth Power|p2a: Toxapex\n|-supereffective|p2a: Toxapex\n|-damage|p2a: Toxapex|2/100 brn\n|move|p2a: Toxapex|Recover|p2a: Toxapex\n|-heal|p2a: Toxapex|53/100 brn\n|\n|-damage|p2a: Toxapex|47/100 brn|[from] brn\n|-end|p2a: Toxapex|Magma Storm|[partiallytrapped]\n|upkeep\n|turn|28\n|\n|t:|1790510323\n|move|p1a: Heatran|Magma Storm|p2a: Toxapex|[miss]\n|-miss|p1a: Heatran|p2a: Toxapex\n|move|p2a: Toxapex|Recover|p2a: Toxapex\n|-heal|p2a: Toxapex|97/100 brn\n|\n|-damage|p2a: Toxapex|91/100 brn|[from] brn\n|upkeep\n|turn|29\n|\n|t:|1790510326\n|move|p1a: Heatran|Magma Storm|p2a: Toxapex|[miss]\n|-miss|p1a: Heatran|p2a: Toxapex\n|move|p2a: Toxapex|Knock Off|p1a: Heatran\n|-damage|p1a: Heatran|66/100\n|\n|-damage|p2a: Toxapex|85/100 brn|[from] brn\n|upkeep\n|turn|30\n|\n|t:|1790510330\n|move|p1a: Heatran|Magma Storm|p2a: Toxapex|[miss]\n|-miss|p1a: Heatran|p2a: Toxapex\n|move|p2a: Toxapex|Knock Off|p1a: Heatran\n|-damage|p1a: Heatran|62/100\n|\n|-damage|p2a: Toxapex|79/100 brn|[from] brn\n|upkeep\n|turn|31\n|\n|t:|1790510332\n|move|p1a: Heatran|Magma Storm|p2a: Toxapex\n|-resisted|p2a: Toxapex\n|-damage|p2a: Toxapex|63/100 brn\n|-activate|p2a: Toxapex|move: Magma Storm|[of] p1a: Heatran\n|move|p2a: Toxapex|Knock Off|p1a: Heatran\n|-damage|p1a: Heatran|58/100\n|\n|-damage|p2a: Toxapex|57/100 brn|[from] brn\n|-damage|p2a: Toxapex|44/100 brn|[from] move: Magma Storm|[partiallytrapped]\n|upkeep\n|turn|32\n|\n|t:|1790510334\n|move|p1a: Heatran|Earth Power|p2a: Toxapex\n|-supereffective|p2a: Toxapex\n|-damage|p2a: Toxapex|9/100 brn\n|move|p2a: Toxapex|Recover|p2a: Toxapex\n|-heal|p2a: Toxapex|60/100 brn\n|\n|-damage|p2a: Toxapex|54/100 brn|[from] brn\n|-damage|p2a: Toxapex|41/100 brn|[from] move: Magma Storm|[partiallytrapped]\n|upkeep\n|turn|33\n|\n|t:|1790510337\n|move|p1a: Heatran|Earth Power|p2a: Toxapex\n|-supereffective|p2a: Toxapex\n|-damage|p2a: Toxapex|1/100 brn\n|move|p2a: Toxapex|Recover|p2a: Toxapex\n|-heal|p2a: Toxapex|51/100 brn\n|\n|-damage|p2a: Toxapex|45/100 brn|[from] brn\n|-damage|p2a: Toxapex|33/100 brn|[from] move: Magma Storm|[partiallytrapped]\n|upkeep\n|turn|34\n|\n|t:|1790510339\n|move|p1a: Heatran|Earth Power|p2a: Toxapex\n|-supereffective|p2a: Toxapex\n|-damage|p2a: Toxapex|0 fnt\n|faint|p2a: Toxapex\n|\n|win|Bouff\n|c|\u2606Cow|gg\n|c|\u2606Bouff|gg\n|player|p2|\n", "uploadtime": 1790510339, "views": "60", "formatid": "gen8ou", "rating": null, "private": 0, "password": null}