{"id": "smogtours-gen8ou-975276", "format": "[Gen 8] OU", "players": ["sussaix", "xdRudi.exe"], "log": "|inactive|Battle timer is ON: inactive players will automatically lose when time's up.\n|t:|1790546578\n|gametype|singles\n|player|p1|sussaix|dawn-gen4pt|\n|player|p2|xdRudi.exe|#scl4islanders2|\n|gen|8\n|tier|[Gen 8] OU\n|rule|HP Percentage Mod: HP is shown in percentages\n|rule|Endless Battle Clause: Forcing endless battles is banned\n|rule|Sleep Clause Mod: Limit one foe put to sleep\n|rule|Species Clause: Limit one of each Pok\u00e9mon\n|rule|OHKO Clause: OHKO moves are banned\n|rule|Evasion Items Clause: Evasion items are banned\n|rule|Evasion Moves Clause: Evasion moves are banned\n|rule|Dynamax Clause: You cannot dynamax\n|clearpoke\n|poke|p1|Blacephalon|\n|poke|p1|Rotom-Wash|\n|poke|p1|Scizor, F|\n|poke|p1|Landorus-Therian, M|\n|poke|p1|Dragapult, F|\n|poke|p1|Weavile, M|\n|poke|p2|Urshifu-*, F|\n|poke|p2|Weavile, F|\n|poke|p2|Corviknight, F|\n|poke|p2|Garchomp, M|\n|poke|p2|Melmetal|\n|poke|p2|Slowking-Galar, F|\n|teampreview\n|c|\u2606xdRudi.exe|hf\n|inactive|sussaix has 270 seconds left.\n|inactive|xdRudi.exe has 270 seconds left.\n|inactive|sussaix has 240 seconds left.\n|inactive|xdRudi.exe has 240 seconds left.\n|c|\u2606sussaix|u2\n|inactive|sussaix has 210 seconds left.\n|inactive|xdRudi.exe has 210 seconds left.\n|inactive|sussaix has 180 seconds left.\n|inactive|xdRudi.exe has 180 seconds left.\n|inactive|sussaix has 150 seconds left.\n|\n|t:|1790546748\n|teamsize|p1|6\n|teamsize|p2|6\n|start\n|switch|p1a: Rotom|Rotom-Wash|100/100\n|switch|p2a: Slowking|Slowking-Galar, F|100/100\n|turn|1\n|\n|t:|1790546757\n|move|p1a: Rotom|Volt Switch|p2a: Slowking\n|-damage|p2a: Slowking|88/100\n|inactive|sussaix has 210 seconds left.\n|\n|t:|1790546762\n|switch|p1a: Landorus|Landorus-Therian, M|100/100|[from] Volt Switch\n|-ability|p1a: Landorus|Intimidate|boost\n|-unboost|p2a: Slowking|atk|1\n|move|p2a: Slowking|Scald|p1a: Landorus\n|-supereffective|p1a: Landorus\n|-damage|p1a: Landorus|62/100\n|\n|-heal|p1a: Landorus|68/100|[from] item: Leftovers\n|upkeep\n|turn|2\n|\n|t:|1790546778\n|move|p1a: Landorus|U-turn|p2a: Slowking\n|-damage|p2a: Slowking|63/100\n|\n|t:|1790546785\n|switch|p1a: Scizor|Scizor, F|100/100|[from] U-turn\n|move|p2a: Slowking|Scald|p1a: Scizor\n|-damage|p1a: Scizor|71/100\n|-status|p1a: Scizor|brn\n|\n|-heal|p1a: Scizor|77/100 brn|[from] item: Leftovers\n|-damage|p1a: Scizor|71/100 brn|[from] brn\n|upkeep\n|turn|3\n|inactive|xdRudi.exe has 210 seconds left.\n|\n|t:|1790546818\n|move|p1a: Scizor|U-turn|p2a: Slowking\n|-damage|p2a: Slowking|46/100\n|\n|t:|1790546821\n|switch|p1a: Dragapult|Dragapult, F|100/100|[from] U-turn\n|move|p2a: Slowking|Flamethrower|p1a: Dragapult\n|-resisted|p1a: Dragapult\n|-damage|p1a: Dragapult|80/100\n|\n|upkeep\n|turn|4\n|inactive|xdRudi.exe has 210 seconds left.\n|\n|t:|1790546855\n|switch|p2a: Garchomp|Garchomp, M|100/100\n|move|p1a: Dragapult|Shadow Ball|p2a: Garchomp\n|-damage|p2a: Garchomp|64/100\n|\n|-heal|p2a: Garchomp|70/100|[from] item: Leftovers\n|upkeep\n|turn|5\n|\n|t:|1790546880\n|switch|p1a: Rotom|Rotom-Wash|100/100\n|move|p2a: Garchomp|Stealth Rock|p1a: Rotom\n|-sidestart|p1: sussaix|move: Stealth Rock\n|\n|-heal|p2a: Garchomp|76/100|[from] item: Leftovers\n|upkeep\n|turn|6\n|\n|t:|1790546893\n|move|p2a: Garchomp|Protect|p2a: Garchomp\n|-singleturn|p2a: Garchomp|Protect\n|move|p1a: Rotom|Defog|p2a: Garchomp\n|-activate|p2a: Garchomp|move: Protect\n|\n|-heal|p2a: Garchomp|82/100|[from] item: Leftovers\n|upkeep\n|turn|7\n|\n|t:|1790546916\n|switch|p2a: Slowking|Slowking-Galar, F|79/100\n|move|p1a: Rotom|Hydro Pump|p2a: Slowking\n|-damage|p2a: Slowking|61/100\n|\n|upkeep\n|turn|8\n|\n|t:|1790546926\n|move|p1a: Rotom|Defog|p2a: Slowking\n|-unboost|p2a: Slowking|evasion|1\n|-sideend|p1: sussaix|Stealth Rock|[from] move: Defog|[of] p1a: Rotom\n|move|p2a: Slowking|Sludge Bomb|p1a: Rotom\n|-damage|p1a: Rotom|55/100\n|\n|-heal|p1a: Rotom|61/100|[from] item: Leftovers\n|upkeep\n|turn|9\n|inactive|xdRudi.exe has 210 seconds left.\n|\n|t:|1790546935\n|move|p1a: Rotom|Volt Switch|p2a: Slowking\n|-damage|p2a: Slowking|50/100\n|\n|t:|1790546944\n|switch|p1a: Scizor|Scizor, F|71/100 brn|[from] Volt Switch\n|move|p2a: Slowking|Scald|p1a: Scizor\n|-damage|p1a: Scizor|42/100 brn\n|\n|-heal|p1a: Scizor|49/100 brn|[from] item: Leftovers\n|-damage|p1a: Scizor|42/100 brn|[from] brn\n|upkeep\n|turn|10\n|\n|t:|1790546953\n|move|p1a: Scizor|U-turn|p2a: Slowking\n|-damage|p2a: Slowking|35/100\n|\n|t:|1790546956\n|switch|p1a: Landorus|Landorus-Therian, M|68/100|[from] U-turn\n|-ability|p1a: Landorus|Intimidate|boost\n|-unboost|p2a: Slowking|atk|1\n|move|p2a: Slowking|Future Sight|p1a: Landorus\n|-start|p2a: Slowking|move: Future Sight\n|\n|-heal|p1a: Landorus|74/100|[from] item: Leftovers\n|upkeep\n|turn|11\n|\n|t:|1790546963\n|switch|p2a: Corviknight|Corviknight, F|100/100\n|-ability|p2a: Corviknight|Pressure\n|move|p1a: Landorus|U-turn|p2a: Corviknight\n|-resisted|p2a: Corviknight\n|-damage|p2a: Corviknight|97/100\n|-damage|p1a: Landorus|57/100|[from] item: Rocky Helmet|[of] p2a: Corviknight\n|\n|t:|1790546971\n|switch|p1a: Rotom|Rotom-Wash|61/100|[from] U-turn\n|\n|-heal|p1a: Rotom|67/100|[from] item: Leftovers\n|upkeep\n|turn|12\n|inactive|xdRudi.exe has 240 seconds left.\n|\n|t:|1790546979\n|move|p1a: Rotom|Volt Switch|p2a: Corviknight\n|-supereffective|p2a: Corviknight\n|-damage|p2a: Corviknight|55/100\n|\n|t:|1790546981\n|switch|p1a: Scizor|Scizor, F|42/100 brn|[from] Volt Switch\n|move|p2a: Corviknight|U-turn|p1a: Scizor\n|-resisted|p1a: Scizor\n|-damage|p1a: Scizor|37/100 brn\n|\n|t:|1790546989\n|switch|p2a: Garchomp|Garchomp, M|82/100|[from] U-turn\n|\n|-end|p1a: Scizor|move: Future Sight\n|-resisted|p1a: Scizor\n|-damage|p1a: Scizor|7/100 brn\n|-heal|p2a: Garchomp|89/100|[from] item: Leftovers\n|-heal|p1a: Scizor|13/100 brn|[from] item: Leftovers\n|-damage|p1a: Scizor|7/100 brn|[from] brn\n|upkeep\n|turn|13\n|\n|t:|1790546998\n|move|p2a: Garchomp|Earthquake|p1a: Scizor\n|-damage|p1a: Scizor|0 fnt\n|faint|p1a: Scizor\n|\n|-heal|p2a: Garchomp|95/100|[from] item: Leftovers\n|upkeep\n|\n|t:|1790547003\n|switch|p1a: Weavile|Weavile, M|100/100\n|-ability|p1a: Weavile|Pressure\n|turn|14\n|inactive|sussaix has 270 seconds left.\n|\n|t:|1790547026\n|switch|p2a: Melmetal|Melmetal|100/100\n|move|p1a: Weavile|Triple Axel|p2a: Melmetal\n|-resisted|p2a: Melmetal\n|-damage|p2a: Melmetal|97/100\n|-hitcount|p2a: Melmetal|1\n|\n|-heal|p2a: Melmetal|100/100|[from] item: Leftovers\n|upkeep\n|turn|15\n|\n|t:|1790547039\n|switch|p1a: Rotom|Rotom-Wash|67/100\n|move|p2a: Melmetal|Double Iron Bash|p1a: Rotom\n|-resisted|p1a: Rotom\n|-damage|p1a: Rotom|58/100\n|-resisted|p1a: Rotom\n|-damage|p1a: Rotom|50/100\n|-hitcount|p1a: Rotom|2\n|\n|-heal|p1a: Rotom|56/100|[from] item: Leftovers\n|upkeep\n|turn|16\n|\n|t:|1790547046\n|switch|p2a: Slowking|Slowking-Galar, F|68/100\n|move|p1a: Rotom|Will-O-Wisp|p2a: Slowking\n|-status|p2a: Slowking|brn\n|\n|-heal|p1a: Rotom|62/100|[from] item: Leftovers\n|-damage|p2a: Slowking|62/100 brn|[from] brn\n|upkeep\n|turn|17\n|\n|t:|1790547053\n|move|p1a: Rotom|Volt Switch|p2a: Slowking\n|-damage|p2a: Slowking|50/100 brn\n|\n|t:|1790547056\n|switch|p1a: Blacephalon|Blacephalon|100/100|[from] Volt Switch\n|move|p2a: Slowking|Sludge Bomb|p1a: Blacephalon\n|-resisted|p1a: Blacephalon\n|-damage|p1a: Blacephalon|60/100\n|-status|p1a: Blacephalon|psn\n|\n|-damage|p1a: Blacephalon|47/100 psn|[from] psn\n|-damage|p2a: Slowking|44/100 brn|[from] brn\n|upkeep\n|turn|18\n|inactive|xdRudi.exe has 270 seconds left.\n|\n|t:|1790547068\n|switch|p2a: Garchomp|Garchomp, M|95/100\n|move|p1a: Blacephalon|Shadow Ball|p2a: Garchomp\n|-damage|p2a: Garchomp|45/100\n|-unboost|p2a: Garchomp|spd|1\n|\n|-heal|p2a: Garchomp|51/100|[from] item: Leftovers\n|-damage|p1a: Blacephalon|35/100 psn|[from] psn\n|upkeep\n|turn|19\n|inactive|xdRudi.exe has 270 seconds left.\n|\n|t:|1790547074\n|move|p2a: Garchomp|Protect|p2a: Garchomp\n|-singleturn|p2a: Garchomp|Protect\n|move|p1a: Blacephalon|Shadow Ball|p2a: Garchomp\n|-activate|p2a: Garchomp|move: Protect\n|\n|-heal|p2a: Garchomp|57/100|[from] item: Leftovers\n|-damage|p1a: Blacephalon|23/100 psn|[from] psn\n|upkeep\n|turn|20\n|\n|t:|1790547078\n|switch|p2a: Weavile|Weavile, F|100/100\n|-ability|p2a: Weavile|Pressure\n|move|p1a: Blacephalon|Shadow Ball|p2a: Weavile\n|-resisted|p2a: Weavile\n|-damage|p2a: Weavile|56/100\n|\n|-damage|p1a: Blacephalon|11/100 psn|[from] psn\n|upkeep\n|turn|21\n|\n|t:|1790547096\n|move|p2a: Weavile|Knock Off|p1a: Blacephalon\n|-supereffective|p1a: Blacephalon\n|-damage|p1a: Blacephalon|0 fnt\n|-enditem|p1a: Blacephalon|Choice Specs|[from] move: Knock Off|[of] p2a: Weavile\n|faint|p1a: Blacephalon\n|\n|upkeep\n|\n|t:|1790547112\n|switch|p1a: Dragapult|Dragapult, F|80/100\n|turn|22\n|\n|t:|1790547122\n|switch|p2a: Slowking|Slowking-Galar, F|78/100 brn\n|move|p1a: Dragapult|U-turn|p2a: Slowking\n|-damage|p2a: Slowking|60/100 brn\n|\n|t:|1790547135\n|switch|p1a: Weavile|Weavile, M|100/100|[from] U-turn\n|-ability|p1a: Weavile|Pressure\n|\n|-damage|p2a: Slowking|53/100 brn|[from] brn\n|upkeep\n|turn|23\n|\n|t:|1790547146\n|switch|p2a: Melmetal|Melmetal|100/100\n|move|p1a: Weavile|Knock Off|p2a: Melmetal\n|-damage|p2a: Melmetal|68/100\n|-enditem|p2a: Melmetal|Leftovers|[from] move: Knock Off|[of] p1a: Weavile\n|\n|upkeep\n|turn|24\n|\n|t:|1790547149\n|switch|p1a: Rotom|Rotom-Wash|62/100\n|move|p2a: Melmetal|Superpower|p1a: Rotom\n|-damage|p1a: Rotom|20/100\n|-unboost|p2a: Melmetal|atk|1\n|-unboost|p2a: Melmetal|def|1\n|\n|-heal|p1a: Rotom|26/100|[from] item: Leftovers\n|upkeep\n|turn|25\n|\n|t:|1790547157\n|switch|p2a: Slowking|Slowking-Galar, F|87/100 brn\n|move|p1a: Rotom|Hydro Pump|p2a: Slowking\n|-damage|p2a: Slowking|67/100 brn\n|\n|-heal|p1a: Rotom|32/100|[from] item: Leftovers\n|-damage|p2a: Slowking|61/100 brn|[from] brn\n|upkeep\n|turn|26\n|\n|t:|1790547161\n|move|p1a: Rotom|Volt Switch|p2a: Slowking\n|-damage|p2a: Slowking|50/100 brn\n|\n|t:|1790547165\n|switch|p1a: Dragapult|Dragapult, F|80/100|[from] Volt Switch\n|move|p2a: Slowking|Sludge Bomb|p1a: Dragapult\n|-resisted|p1a: Dragapult\n|-damage|p1a: Dragapult|51/100\n|\n|-damage|p2a: Slowking|44/100 brn|[from] brn\n|upkeep\n|turn|27\n|\n|t:|1790547183\n|switch|p2a: Garchomp|Garchomp, M|57/100\n|move|p1a: Dragapult|Shadow Ball|p2a: Garchomp\n|-damage|p2a: Garchomp|25/100\n|\n|-heal|p2a: Garchomp|31/100|[from] item: Leftovers\n|upkeep\n|turn|28\n|\n|t:|1790547190\n|switch|p1a: Weavile|Weavile, M|100/100\n|-ability|p1a: Weavile|Pressure\n|move|p2a: Garchomp|Protect||[still]\n|-fail|p2a: Garchomp\n|\n|-heal|p2a: Garchomp|37/100|[from] item: Leftovers\n|upkeep\n|turn|29\n|\n|t:|1790547196\n|switch|p2a: Melmetal|Melmetal|68/100\n|move|p1a: Weavile|Knock Off|p2a: Melmetal\n|-damage|p2a: Melmetal|45/100\n|\n|upkeep\n|turn|30\n|\n|t:|1790547203\n|switch|p1a: Rotom|Rotom-Wash|32/100\n|move|p2a: Melmetal|Double Iron Bash|p1a: Rotom\n|-resisted|p1a: Rotom\n|-damage|p1a: Rotom|23/100\n|-resisted|p1a: Rotom\n|-damage|p1a: Rotom|14/100\n|-hitcount|p1a: Rotom|2\n|\n|-heal|p1a: Rotom|20/100|[from] item: Leftovers\n|upkeep\n|turn|31\n|\n|t:|1790547208\n|move|p1a: Rotom|Volt Switch|p2a: Melmetal\n|-damage|p2a: Melmetal|23/100\n|\n|t:|1790547211\n|switch|p1a: Landorus|Landorus-Therian, M|57/100|[from] Volt Switch\n|-ability|p1a: Landorus|Intimidate|boost\n|-unboost|p2a: Melmetal|atk|1\n|move|p2a: Melmetal|Superpower|p1a: Landorus\n|-resisted|p1a: Landorus\n|-damage|p1a: Landorus|42/100\n|-unboost|p2a: Melmetal|atk|1\n|-unboost|p2a: Melmetal|def|1\n|\n|-heal|p1a: Landorus|48/100|[from] item: Leftovers\n|upkeep\n|turn|32\n|\n|t:|1790547214\n|switch|p2a: Corviknight|Corviknight, F|55/100\n|-ability|p2a: Corviknight|Pressure\n|move|p1a: Landorus|U-turn|p2a: Corviknight\n|-resisted|p2a: Corviknight\n|-damage|p2a: Corviknight|52/100\n|-damage|p1a: Landorus|32/100|[from] item: Rocky Helmet|[of] p2a: Corviknight\n|\n|t:|1790547216\n|switch|p1a: Dragapult|Dragapult, F|51/100|[from] U-turn\n|\n|upkeep\n|turn|33\n|\n|t:|1790547221\n|switch|p2a: Melmetal|Melmetal|23/100\n|move|p1a: Dragapult|Thunder|p2a: Melmetal\n|-damage|p2a: Melmetal|0 fnt\n|faint|p2a: Melmetal\n|\n|upkeep\n|\n|t:|1790547226\n|switch|p2a: Garchomp|Garchomp, M|37/100\n|turn|34\n|\n|t:|1790547237\n|switch|p1a: Landorus|Landorus-Therian, M|32/100\n|-ability|p1a: Landorus|Intimidate|boost\n|-unboost|p2a: Garchomp|atk|1\n|move|p2a: Garchomp|Toxic|p1a: Landorus\n|-status|p1a: Landorus|tox\n|\n|-heal|p2a: Garchomp|43/100|[from] item: Leftovers\n|-heal|p1a: Landorus|38/100 tox|[from] item: Leftovers\n|-damage|p1a: Landorus|32/100 tox|[from] psn\n|upkeep\n|turn|35\n|\n|t:|1790547241\n|switch|p1a: Weavile|Weavile, M|100/100\n|-ability|p1a: Weavile|Pressure\n|move|p2a: Garchomp|Stealth Rock|p1a: Weavile\n|-sidestart|p1: sussaix|move: Stealth Rock\n|\n|-heal|p2a: Garchomp|50/100|[from] item: Leftovers\n|upkeep\n|turn|36\n|\n|t:|1790547251\n|move|p1a: Weavile|Swords Dance|p1a: Weavile\n|-boost|p1a: Weavile|atk|2\n|move|p2a: Garchomp|Earthquake|p1a: Weavile\n|-damage|p1a: Weavile|50/100\n|\n|-heal|p2a: Garchomp|56/100|[from] item: Leftovers\n|upkeep\n|turn|37\n|\n|t:|1790547254\n|move|p1a: Weavile|Ice Shard|p2a: Garchomp\n|-supereffective|p2a: Garchomp\n|-damage|p2a: Garchomp|0 fnt\n|faint|p2a: Garchomp\n|\n|upkeep\n|\n|t:|1790547256\n|switch|p2a: Urshifu|Urshifu-Rapid-Strike, F|100/100\n|turn|38\n|\n|t:|1790547261\n|move|p2a: Urshifu|Surging Strikes|p1a: Weavile\n|-crit|p1a: Weavile\n|-damage|p1a: Weavile|16/100\n|-crit|p1a: Weavile\n|-damage|p1a: Weavile|0 fnt\n|faint|p1a: Weavile\n|-hitcount|p1: Weavile|2\n|\n|upkeep\n|\n|t:|1790547266\n|switch|p1a: Dragapult|Dragapult, F|51/100\n|-damage|p1a: Dragapult|39/100|[from] Stealth Rock\n|turn|39\n|\n|t:|1790547287\n|switch|p2a: Corviknight|Corviknight, F|52/100\n|-ability|p2a: Corviknight|Pressure\n|move|p1a: Dragapult|Draco Meteor|p2a: Corviknight\n|-resisted|p2a: Corviknight\n|-crit|p2a: Corviknight\n|-damage|p2a: Corviknight|0 fnt\n|-unboost|p1a: Dragapult|spa|2\n|faint|p2a: Corviknight\n|\n|upkeep\n|\n|t:|1790547291\n|switch|p2a: Weavile|Weavile, F|56/100\n|-ability|p2a: Weavile|Pressure\n|turn|40\n|\n|t:|1790547317\n|move|p2a: Weavile|Ice Shard|p1a: Dragapult\n|-supereffective|p1a: Dragapult\n|-damage|p1a: Dragapult|0 fnt\n|faint|p1a: Dragapult\n|\n|upkeep\n|\n|t:|1790547318\n|switch|p1a: Rotom|Rotom-Wash|20/100\n|-damage|p1a: Rotom|8/100|[from] Stealth Rock\n|turn|41\n|c|\u2606sussaix|gg\n|\n|t:|1790547336\n|move|p2a: Weavile|Knock Off|p1a: Rotom\n|-damage|p1a: Rotom|0 fnt\n|-enditem|p1a: Rotom|Leftovers|[from] move: Knock Off|[of] p2a: Weavile\n|faint|p1a: Rotom\n|\n|upkeep\n|c|\u2606xdRudi.exe|gg\n|-message|sussaix forfeited.\n|\n|win|xdRudi.exe\n|player|p1|\n", "uploadtime": 1790547351, "views": "76", "formatid": "gen8ou", "rating": null, "private": 0, "password": null}