{"id": "smogtours-gen8ou-974312", "format": "[Gen 8] OU", "players": ["Stories", "longestbanana \u262c"], "log": "|inactive|Battle timer is ON: inactive players will automatically lose when time's up.\n|t:|1790367707\n|gametype|singles\n|player|p1|Stories|#scl6breakers|\n|player|p2|longestbanana \u262c|#wcop2026uk2|\n|gen|8\n|tier|[Gen 8] OU\n|rule|HP Percentage Mod: HP is shown in percentages\n|rule|Endless Battle Clause: Forcing endless battles is banned\n|rule|Sleep Clause Mod: Limit one foe put to sleep\n|rule|Species Clause: Limit one of each Pok\u00e9mon\n|rule|OHKO Clause: OHKO moves are banned\n|rule|Evasion Items Clause: Evasion items are banned\n|rule|Evasion Moves Clause: Evasion moves are banned\n|rule|Dynamax Clause: You cannot dynamax\n|clearpoke\n|poke|p1|Heatran, M|\n|poke|p1|Torkoal, M|\n|poke|p1|Landorus-Therian, M|\n|poke|p1|Tapu Lele|\n|poke|p1|Blaziken, M|\n|poke|p1|Venusaur, M|\n|poke|p2|Slowking-Galar, M|\n|poke|p2|Urshifu-*, F|\n|poke|p2|Tornadus-Therian, M|\n|poke|p2|Heatran, M|\n|poke|p2|Garchomp, M|\n|poke|p2|Rillaboom, F|\n|teampreview\n|c|\u2606longestbanana \u262c|hf\n|c|+sire clod|hf\n|inactive|longestbanana \u262c has 270 seconds left.\n|inactive|longestbanana \u262c has 240 seconds left.\n|c|\u2606longestbanana \u262c|thanks sire clod\n|c|\u2606Stories|hf\n|inactive|longestbanana \u262c has 210 seconds left.\n|inactive|longestbanana \u262c has 180 seconds left.\n|\n|t:|1790367849\n|teamsize|p1|6\n|teamsize|p2|6\n|start\n|switch|p1a: Landorus|Landorus-Therian, M|100/100\n|switch|p2a: Tornadus|Tornadus-Therian, M|100/100\n|-ability|p1a: Landorus|Intimidate|boost\n|-unboost|p2a: Tornadus|atk|1\n|turn|1\n|\n|t:|1790367859\n|move|p2a: Tornadus|Knock Off|p1a: Landorus\n|-damage|p1a: Landorus|87/100\n|-enditem|p1a: Landorus|Leftovers|[from] move: Knock Off|[of] p2a: Tornadus\n|move|p1a: Landorus|Knock Off|p2a: Tornadus\n|-damage|p2a: Tornadus|72/100\n|-enditem|p2a: Tornadus|Eject Button|[from] move: Knock Off|[of] p1a: Landorus\n|\n|upkeep\n|turn|2\n|\n|t:|1790367869\n|move|p2a: Tornadus|Hurricane|p1a: Landorus\n|-damage|p1a: Landorus|54/100\n|move|p1a: Landorus|U-turn|p2a: Tornadus\n|-resisted|p2a: Tornadus\n|-damage|p2a: Tornadus|60/100\n|\n|t:|1790367879\n|switch|p1a: Torkoal|Torkoal, M|100/100|[from] U-turn\n|-weather|SunnyDay|[from] ability: Drought|[of] p1a: Torkoal\n|\n|-weather|SunnyDay|[upkeep]\n|upkeep\n|turn|3\n|\n|t:|1790367885\n|switch|p1a: Landorus|Landorus-Therian, M|54/100\n|-ability|p1a: Landorus|Intimidate|boost\n|-unboost|p2a: Tornadus|atk|1\n|move|p2a: Tornadus|U-turn|p1a: Landorus\n|-resisted|p1a: Landorus\n|-damage|p1a: Landorus|51/100\n|inactive|longestbanana \u262c has 240 seconds left.\n|inactive|longestbanana \u262c has 210 seconds left.\n|\n|t:|1790367950\n|switch|p2a: Heatran|Heatran, M|100/100|[from] U-turn\n|\n|-weather|SunnyDay|[upkeep]\n|upkeep\n|turn|4\n|inactive|longestbanana \u262c has 180 seconds left.\n|\n|t:|1790367980\n|switch|p2a: Urshifu|Urshifu-Rapid-Strike, F|100/100\n|move|p1a: Landorus|Earthquake|p2a: Urshifu\n|-damage|p2a: Urshifu|55/100\n|\n|-weather|SunnyDay|[upkeep]\n|upkeep\n|turn|5\n|inactive|Stories has 270 seconds left.\n|\n|t:|1790368003\n|move|p2a: Urshifu|Ice Punch|p1a: Landorus\n|-supereffective|p1a: Landorus\n|-damage|p1a: Landorus|0 fnt\n|faint|p1a: Landorus\n|\n|-weather|SunnyDay|[upkeep]\n|upkeep\n|inactive|Stories has 270 seconds left.\n|\n|t:|1790368008\n|switch|p1a: Blaziken|Blaziken, M|100/100\n|-item|p1a: Blaziken|Air Balloon\n|turn|6\n|inactive|longestbanana \u262c has 150 seconds left.\n|\n|t:|1790368061\n|move|p2a: Urshifu|Ice Punch|p1a: Blaziken\n|-resisted|p1a: Blaziken\n|-damage|p1a: Blaziken|79/100\n|-enditem|p1a: Blaziken|Air Balloon\n|move|p1a: Blaziken|Swords Dance|p1a: Blaziken\n|-boost|p1a: Blaziken|atk|2\n|\n|-weather|SunnyDay|[upkeep]\n|-ability|p1a: Blaziken|Speed Boost|boost\n|-boost|p1a: Blaziken|spe|1\n|upkeep\n|turn|7\n|inactive|Stories has 270 seconds left.\n|\n|t:|1790368105\n|move|p2a: Urshifu|Ice Punch|p1a: Blaziken\n|-resisted|p1a: Blaziken\n|-damage|p1a: Blaziken|59/100\n|move|p1a: Blaziken|Swords Dance|p1a: Blaziken\n|-boost|p1a: Blaziken|atk|2\n|\n|-weather|SunnyDay|[upkeep]\n|-ability|p1a: Blaziken|Speed Boost|boost\n|-boost|p1a: Blaziken|spe|1\n|upkeep\n|turn|8\n|\n|t:|1790368125\n|move|p1a: Blaziken|Flare Blitz|p2a: Urshifu\n|-resisted|p2a: Urshifu\n|-crit|p2a: Urshifu\n|-damage|p2a: Urshifu|0 fnt\n|faint|p2a: Urshifu\n|-damage|p1a: Blaziken|39/100|[from] Recoil\n|\n|-weather|SunnyDay|[upkeep]\n|-ability|p1a: Blaziken|Speed Boost|boost\n|-boost|p1a: Blaziken|spe|1\n|upkeep\n|\n|t:|1790368128\n|switch|p2a: Rillaboom|Rillaboom, F|100/100\n|-fieldstart|move: Grassy Terrain|[from] ability: Grassy Surge|[of] p2a: Rillaboom\n|turn|9\n|\n|t:|1790368133\n|move|p1a: Blaziken|Protect|p1a: Blaziken\n|-singleturn|p1a: Blaziken|Protect\n|move|p2a: Rillaboom|Grassy Glide|p1a: Blaziken\n|-activate|p1a: Blaziken|move: Protect\n|\n|-weather|none\n|-heal|p1a: Blaziken|45/100|[from] Grassy Terrain\n|-ability|p1a: Blaziken|Speed Boost|boost\n|-boost|p1a: Blaziken|spe|1\n|upkeep\n|turn|10\n|inactive|Stories has 270 seconds left.\n|\n|t:|1790368139\n|move|p2a: Rillaboom|Grassy Glide|p1a: Blaziken\n|-resisted|p1a: Blaziken\n|-damage|p1a: Blaziken|0 fnt\n|faint|p1a: Blaziken\n|\n|upkeep\n|inactive|Stories has 270 seconds left.\n|\n|t:|1790368153\n|switch|p1a: Torkoal|Torkoal, M|100/100\n|-weather|SunnyDay|[from] ability: Drought|[of] p1a: Torkoal\n|turn|11\n|inactive|Stories has 270 seconds left.\n|\n|t:|1790368176\n|switch|p2a: Slowking|Slowking-Galar, M|100/100\n|switch|p1a: Heatran|Heatran, M|100/100\n|\n|-weather|SunnyDay|[upkeep]\n|upkeep\n|turn|12\n|inactive|longestbanana \u262c has 180 seconds left.\n|c|+Akeras|glhf\n|inactive|longestbanana \u262c has 150 seconds left.\n|c|+BluBirD|ty \n|\n|t:|1790368241\n|switch|p2a: Garchomp|Garchomp, M|100/100\n|move|p1a: Heatran|Eruption|p2a: Garchomp\n|-resisted|p2a: Garchomp\n|-damage|p2a: Garchomp|43/100\n|\n|-weather|SunnyDay|[upkeep]\n|-heal|p2a: Garchomp|49/100|[from] Grassy Terrain\n|-heal|p2a: Garchomp|55/100|[from] item: Leftovers\n|upkeep\n|turn|13\n|inactive|Stories has 270 seconds left.\n|c|+Akeras|np\n|inactive|longestbanana \u262c has 120 seconds left.\n|\n|t:|1790368261\n|switch|p1a: Venusaur|Venusaur, M|100/100\n|move|p2a: Garchomp|Earthquake|p1a: Venusaur\n|-damage|p1a: Venusaur|67/100\n|\n|-weather|SunnyDay|[upkeep]\n|-heal|p1a: Venusaur|73/100|[from] Grassy Terrain\n|-heal|p2a: Garchomp|61/100|[from] Grassy Terrain\n|-heal|p2a: Garchomp|68/100|[from] item: Leftovers\n|-fieldend|move: Grassy Terrain\n|upkeep\n|turn|14\n|\n|t:|1790368267\n|switch|p2a: Slowking|Slowking-Galar, M|100/100\n|move|p1a: Venusaur|Growth|p1a: Venusaur\n|-boost|p1a: Venusaur|atk|2\n|-boost|p1a: Venusaur|spa|2\n|\n|-weather|SunnyDay|[upkeep]\n|upkeep\n|turn|15\n|inactive|Stories has 270 seconds left.\n|\n|t:|1790368272\n|switch|p1a: Heatran|Heatran, M|100/100\n|move|p2a: Slowking|Flamethrower|p1a: Heatran\n|-start|p1a: Heatran|ability: Flash Fire\n|\n|-weather|SunnyDay|[upkeep]\n|upkeep\n|turn|16\n|\n|t:|1790368288\n|switch|p2a: Tornadus|Tornadus-Therian, M|93/100\n|move|p1a: Heatran|Eruption|p2a: Tornadus\n|-damage|p2a: Tornadus|0 fnt\n|faint|p2a: Tornadus\n|\n|-weather|SunnyDay|[upkeep]\n|upkeep\n|\n|t:|1790368290\n|switch|p2a: Garchomp|Garchomp, M|68/100\n|turn|17\n|\n|t:|1790368305\n|-end|p1a: Heatran|ability: Flash Fire|[silent]\n|switch|p1a: Tapu Lele|Tapu Lele|100/100\n|-fieldstart|move: Psychic Terrain|[from] ability: Psychic Surge|[of] p1a: Tapu Lele\n|move|p2a: Garchomp|Earthquake|p1a: Tapu Lele\n|-damage|p1a: Tapu Lele|24/100\n|\n|-weather|SunnyDay|[upkeep]\n|-heal|p2a: Garchomp|74/100|[from] item: Leftovers\n|upkeep\n|turn|18\n|\n|t:|1790368324\n|switch|p2a: Heatran|Heatran, M|100/100\n|move|p1a: Tapu Lele|Future Sight|p2a: Heatran\n|-start|p1a: Tapu Lele|move: Future Sight\n|\n|-weather|none\n|upkeep\n|turn|19\n|inactive|longestbanana \u262c has 150 seconds left.\n|inactive|Stories has 270 seconds left.\n|\n|t:|1790368340\n|switch|p1a: Torkoal|Torkoal, M|100/100\n|-weather|SunnyDay|[from] ability: Drought|[of] p1a: Torkoal\n|move|p2a: Heatran|Earth Power|p1a: Torkoal\n|-supereffective|p1a: Torkoal\n|-damage|p1a: Torkoal|16/100\n|\n|-weather|SunnyDay|[upkeep]\n|upkeep\n|turn|20\n|\n|t:|1790368348\n|move|p2a: Heatran|Earth Power|p1a: Torkoal\n|-supereffective|p1a: Torkoal\n|-damage|p1a: Torkoal|0 fnt\n|faint|p1a: Torkoal\n|\n|-weather|SunnyDay|[upkeep]\n|-end|p2a: Heatran|move: Future Sight\n|-resisted|p2a: Heatran\n|-damage|p2a: Heatran|60/100\n|upkeep\n|inactive|Stories has 270 seconds left.\n|\n|t:|1790368384\n|switch|p1a: Venusaur|Venusaur, M|73/100\n|turn|21\n|\n|t:|1790368390\n|switch|p2a: Slowking|Slowking-Galar, M|100/100\n|move|p1a: Venusaur|Earth Power|p2a: Slowking\n|-supereffective|p2a: Slowking\n|-damage|p2a: Slowking|62/100\n|-damage|p1a: Venusaur|63/100|[from] item: Life Orb\n|\n|-weather|SunnyDay|[upkeep]\n|-fieldend|move: Psychic Terrain\n|upkeep\n|turn|22\n|\n|t:|1790368400\n|move|p1a: Venusaur|Growth|p1a: Venusaur\n|-boost|p1a: Venusaur|atk|2\n|-boost|p1a: Venusaur|spa|2\n|move|p2a: Slowking|Ice Beam|p1a: Venusaur\n|-supereffective|p1a: Venusaur\n|-damage|p1a: Venusaur|0 fnt\n|faint|p1a: Venusaur\n|\n|-weather|SunnyDay|[upkeep]\n|upkeep\n|\n|t:|1790368405\n|switch|p1a: Heatran|Heatran, M|100/100\n|turn|23\n|\n|t:|1790368413\n|move|p1a: Heatran|Eruption|p2a: Slowking\n|-damage|p2a: Slowking|0 fnt\n|faint|p2a: Slowking\n|\n|-weather|SunnyDay|[upkeep]\n|upkeep\n|\n|t:|1790368418\n|switch|p2a: Garchomp|Garchomp, M|74/100\n|turn|24\n|\n|t:|1790368427\n|move|p2a: Garchomp|Earthquake|p1a: Heatran\n|-supereffective|p1a: Heatran\n|-damage|p1a: Heatran|0 fnt\n|faint|p1a: Heatran\n|\n|-weather|SunnyDay|[upkeep]\n|-heal|p2a: Garchomp|80/100|[from] item: Leftovers\n|upkeep\n|\n|t:|1790368429\n|switch|p1a: Tapu Lele|Tapu Lele|24/100\n|-fieldstart|move: Psychic Terrain|[from] ability: Psychic Surge|[of] p1a: Tapu Lele\n|turn|25\n|\n|t:|1790368432\n|move|p1a: Tapu Lele|Moonblast|p2a: Garchomp\n|-supereffective|p2a: Garchomp\n|-damage|p2a: Garchomp|0 fnt\n|faint|p2a: Garchomp\n|\n|-weather|SunnyDay|[upkeep]\n|upkeep\n|\n|t:|1790368433\n|switch|p2a: Rillaboom|Rillaboom, F|100/100\n|-fieldstart|move: Grassy Terrain|[from] ability: Grassy Surge|[of] p2a: Rillaboom\n|turn|26\n|\n|t:|1790368435\n|move|p2a: Rillaboom|Grassy Glide|p1a: Tapu Lele\n|-damage|p1a: Tapu Lele|0 fnt\n|faint|p1a: Tapu Lele\n|\n|win|longestbanana \u262c\n|c|\u2606longestbanana \u262c|ggs\n|c|\u2606Stories|yea\n|player|p1|\n|c|\u2606longestbanana \u262c|bruh whatt\n|c|+LTX Nemosse|Ggs\n|c|\u2606longestbanana \u262c|i crit one thing g1 u dodged to win g2\n|c|+sire clod|ggs\n|c|\u2606longestbanana \u262c|whats the actual problem now \ud83d\ude2d\n", "uploadtime": 1790368435, "views": "200", "formatid": "gen8ou", "rating": null, "private": 0, "password": null}