{"id": "smogtours-gen8ou-974687", "format": "[Gen 8] OU", "players": ["Scarfire", "Hacker"], "log": "|inactive|Battle timer is ON: inactive players will automatically lose when time's up.\n|t:|1790460700\n|gametype|singles\n|player|p1|Scarfire|#psplxiioverused|\n|player|p2|Hacker|#scl6platoon2|\n|gen|8\n|tier|[Gen 8] OU\n|rule|HP Percentage Mod: HP is shown in percentages\n|rule|Endless Battle Clause: Forcing endless battles is banned\n|rule|Sleep Clause Mod: Limit one foe put to sleep\n|rule|Species Clause: Limit one of each Pok\u00e9mon\n|rule|OHKO Clause: OHKO moves are banned\n|rule|Evasion Items Clause: Evasion items are banned\n|rule|Evasion Moves Clause: Evasion moves are banned\n|rule|Dynamax Clause: You cannot dynamax\n|clearpoke\n|poke|p1|Weavile, F|\n|poke|p1|Zapdos|\n|poke|p1|Tapu Fini|\n|poke|p1|Landorus-Therian, M|\n|poke|p1|Urshifu-*, F|\n|poke|p1|Ferrothorn, F|\n|poke|p2|Clefable, M|\n|poke|p2|Quagsire, F|\n|poke|p2|Toxapex, M|\n|poke|p2|Corviknight, M|\n|poke|p2|Hippowdon, M|\n|poke|p2|Buzzwole|\n|teampreview\n|c|\u2606Hacker|glhf\n|c|\u2606Scarfire|u2\n|inactive|Scarfire has 270 seconds left.\n|inactive|Hacker has 270 seconds left.\n|inactive|Scarfire has 240 seconds left.\n|inactive|Scarfire has 210 seconds left.\n|\n|t:|1790460800\n|teamsize|p1|6\n|teamsize|p2|6\n|start\n|switch|p1a: Landorus|Landorus-Therian, M|100/100\n|switch|p2a: Toxapex|Toxapex, M|100/100\n|-ability|p1a: Landorus|Intimidate|boost\n|-unboost|p2a: Toxapex|atk|1\n|turn|1\n|c|+venesha|Vamos scarfire\n|inactive|Scarfire has 270 seconds left.\n|\n|t:|1790460814\n|move|p1a: Landorus|Stealth Rock|p2a: Toxapex\n|-sidestart|p2: Hacker|move: Stealth Rock\n|move|p2a: Toxapex|Knock Off|p1a: Landorus\n|-damage|p1a: Landorus|90/100\n|-enditem|p1a: Landorus|Leftovers|[from] move: Knock Off|[of] p2a: Toxapex\n|\n|upkeep\n|turn|2\n|inactive|Scarfire has 270 seconds left.\n|\n|t:|1790460835\n|move|p1a: Landorus|Earthquake|p2a: Toxapex\n|-supereffective|p2a: Toxapex\n|-damage|p2a: Toxapex|35/100\n|move|p2a: Toxapex|Toxic Spikes|p1a: Landorus\n|-sidestart|p1: Scarfire|move: Toxic Spikes\n|\n|upkeep\n|turn|3\n|\n|t:|1790460848\n|switch|p2a: Corviknight|Corviknight, M|100/100\n|-damage|p2a: Corviknight|88/100|[from] Stealth Rock\n|-ability|p2a: Corviknight|Pressure\n|move|p1a: Landorus|U-turn|p2a: Corviknight\n|-resisted|p2a: Corviknight\n|-damage|p2a: Corviknight|83/100\n|\n|t:|1790460864\n|switch|p1a: Zapdos|Zapdos|100/100|[from] U-turn\n|\n|-heal|p2a: Corviknight|89/100|[from] item: Leftovers\n|upkeep\n|turn|4\n|\n|t:|1790460878\n|switch|p2a: Hippowdon|Hippowdon, M|100/100\n|-damage|p2a: Hippowdon|94/100|[from] Stealth Rock\n|-weather|Sandstorm|[from] ability: Sand Stream|[of] p2a: Hippowdon\n|move|p1a: Zapdos|Hurricane|p2a: Hippowdon\n|-damage|p2a: Hippowdon|55/100\n|\n|-weather|Sandstorm|[upkeep]\n|-damage|p1a: Zapdos|94/100|[from] Sandstorm\n|-heal|p2a: Hippowdon|61/100|[from] item: Leftovers\n|upkeep\n|turn|5\n|\n|t:|1790460890\n|switch|p1a: Ferrothorn|Ferrothorn, F|100/100\n|move|p2a: Hippowdon|Slack Off|p2a: Hippowdon\n|-heal|p2a: Hippowdon|100/100\n|\n|-weather|Sandstorm|[upkeep]\n|upkeep\n|turn|6\n|\n|t:|1790460907\n|switch|p2a: Clefable|Clefable, M|100/100\n|move|p1a: Ferrothorn|Spikes|p2a: Clefable\n|-sidestart|p2: Hacker|Spikes\n|\n|-weather|Sandstorm|[upkeep]\n|upkeep\n|turn|7\n|inactive|Scarfire has 240 seconds left.\n|\n|t:|1790460941\n|switch|p1a: Landorus|Landorus-Therian, M|90/100\n|-ability|p1a: Landorus|Intimidate|boost\n|-unboost|p2a: Clefable|atk|1\n|move|p2a: Clefable|Knock Off|p1a: Landorus\n|-damage|p1a: Landorus|83/100\n|\n|-weather|Sandstorm|[upkeep]\n|upkeep\n|turn|8\n|\n|t:|1790460959\n|move|p1a: Landorus|Earthquake|p2a: Clefable\n|-damage|p2a: Clefable|53/100\n|move|p2a: Clefable|Moonblast|p1a: Landorus\n|-damage|p1a: Landorus|58/100\n|\n|-weather|none\n|-heal|p2a: Clefable|59/100|[from] item: Leftovers\n|upkeep\n|turn|9\n|\n|t:|1790460968\n|move|p1a: Landorus|Earthquake|p2a: Clefable\n|-damage|p2a: Clefable|16/100\n|move|p2a: Clefable|Soft-Boiled|p2a: Clefable\n|-heal|p2a: Clefable|66/100\n|\n|-heal|p2a: Clefable|73/100|[from] item: Leftovers\n|upkeep\n|turn|10\n|\n|t:|1790460971\n|move|p1a: Landorus|Earthquake|p2a: Clefable\n|-damage|p2a: Clefable|27/100\n|move|p2a: Clefable|Soft-Boiled|p2a: Clefable\n|-heal|p2a: Clefable|77/100\n|\n|-heal|p2a: Clefable|83/100|[from] item: Leftovers\n|upkeep\n|turn|11\n|\n|t:|1790460978\n|switch|p2a: Corviknight|Corviknight, M|89/100\n|-damage|p2a: Corviknight|77/100|[from] Stealth Rock\n|-ability|p2a: Corviknight|Pressure\n|move|p1a: Landorus|U-turn|p2a: Corviknight\n|-resisted|p2a: Corviknight\n|-damage|p2a: Corviknight|72/100\n|\n|t:|1790460985\n|switch|p1a: Zapdos|Zapdos|94/100|[from] U-turn\n|\n|-heal|p2a: Corviknight|79/100|[from] item: Leftovers\n|upkeep\n|turn|12\n|\n|t:|1790460994\n|move|p2a: Corviknight|Protect|p2a: Corviknight\n|-singleturn|p2a: Corviknight|Protect\n|move|p1a: Zapdos|Hurricane|p2a: Corviknight\n|-activate|p2a: Corviknight|move: Protect\n|\n|-heal|p2a: Corviknight|85/100|[from] item: Leftovers\n|upkeep\n|turn|13\n|\n|t:|1790461000\n|switch|p2a: Hippowdon|Hippowdon, M|100/100\n|-damage|p2a: Hippowdon|94/100|[from] Stealth Rock\n|-damage|p2a: Hippowdon|82/100|[from] Spikes\n|-weather|Sandstorm|[from] ability: Sand Stream|[of] p2a: Hippowdon\n|move|p1a: Zapdos|Hurricane|p2a: Hippowdon|[miss]\n|-miss|p1a: Zapdos|p2a: Hippowdon\n|\n|-weather|Sandstorm|[upkeep]\n|-damage|p1a: Zapdos|88/100|[from] Sandstorm\n|-heal|p2a: Hippowdon|88/100|[from] item: Leftovers\n|upkeep\n|turn|14\n|\n|t:|1790461012\n|switch|p1a: Ferrothorn|Ferrothorn, F|100/100\n|move|p2a: Hippowdon|Earthquake|p1a: Ferrothorn\n|-damage|p1a: Ferrothorn|79/100\n|\n|-weather|Sandstorm|[upkeep]\n|-heal|p2a: Hippowdon|94/100|[from] item: Leftovers\n|-heal|p1a: Ferrothorn|85/100|[from] item: Leftovers\n|upkeep\n|turn|15\n|\n|t:|1790461023\n|switch|p2a: Clefable|Clefable, M|83/100\n|move|p1a: Ferrothorn|Knock Off|p2a: Clefable\n|-resisted|p2a: Clefable\n|-damage|p2a: Clefable|73/100\n|-enditem|p2a: Clefable|Leftovers|[from] move: Knock Off|[of] p1a: Ferrothorn\n|\n|-weather|Sandstorm|[upkeep]\n|-heal|p1a: Ferrothorn|91/100|[from] item: Leftovers\n|upkeep\n|turn|16\n|inactive|Scarfire has 270 seconds left.\n|\n|t:|1790461034\n|move|p2a: Clefable|Moonblast|p1a: Ferrothorn\n|-resisted|p1a: Ferrothorn\n|-damage|p1a: Ferrothorn|78/100\n|move|p1a: Ferrothorn|Power Whip|p2a: Clefable|[miss]\n|-miss|p1a: Ferrothorn|p2a: Clefable\n|\n|-weather|Sandstorm|[upkeep]\n|-heal|p1a: Ferrothorn|84/100|[from] item: Leftovers\n|upkeep\n|turn|17\n|\n|t:|1790461043\n|switch|p1a: Landorus|Landorus-Therian, M|58/100\n|-ability|p1a: Landorus|Intimidate|boost\n|-unboost|p2a: Clefable|atk|1\n|move|p2a: Clefable|Knock Off|p1a: Landorus\n|-damage|p1a: Landorus|51/100\n|\n|-weather|none\n|upkeep\n|turn|18\n|\n|t:|1790461048\n|switch|p2a: Corviknight|Corviknight, M|85/100\n|-damage|p2a: Corviknight|72/100|[from] Stealth Rock\n|-ability|p2a: Corviknight|Pressure\n|move|p1a: Landorus|Earthquake|p2a: Corviknight\n|-immune|p2a: Corviknight\n|\n|-heal|p2a: Corviknight|79/100|[from] item: Leftovers\n|upkeep\n|turn|19\n|\n|t:|1790461055\n|move|p1a: Landorus|U-turn|p2a: Corviknight\n|-resisted|p2a: Corviknight\n|-damage|p2a: Corviknight|74/100\n|\n|t:|1790461056\n|switch|p1a: Zapdos|Zapdos|88/100|[from] U-turn\n|move|p2a: Corviknight|Defog|p1a: Zapdos\n|-unboost|p1a: Zapdos|evasion|1\n|-sideend|p1: Scarfire|Toxic Spikes|[from] move: Defog|[of] p2a: Corviknight\n|-sideend|p2: Hacker|Spikes|[from] move: Defog|[of] p2a: Corviknight\n|-sideend|p2: Hacker|Stealth Rock|[from] move: Defog|[of] p2a: Corviknight\n|\n|-heal|p2a: Corviknight|80/100|[from] item: Leftovers\n|upkeep\n|turn|20\n|\n|t:|1790461076\n|switch|p1a: Tapu Fini|Tapu Fini|100/100\n|-fieldstart|move: Misty Terrain|[from] ability: Misty Surge|[of] p1a: Tapu Fini\n|switch|p2a: Hippowdon|Hippowdon, M|94/100\n|-weather|Sandstorm|[from] ability: Sand Stream|[of] p2a: Hippowdon\n|\n|-weather|Sandstorm|[upkeep]\n|-damage|p1a: Tapu Fini|94/100|[from] Sandstorm\n|-heal|p1a: Tapu Fini|100/100|[from] item: Leftovers\n|-heal|p2a: Hippowdon|100/100|[from] item: Leftovers\n|upkeep\n|turn|21\n|\n|t:|1790461090\n|switch|p2a: Toxapex|Toxapex, M|68/100\n|move|p1a: Tapu Fini|Nature's Madness|p2a: Toxapex\n|-damage|p2a: Toxapex|34/100\n|\n|-weather|Sandstorm|[upkeep]\n|-damage|p1a: Tapu Fini|94/100|[from] Sandstorm\n|-damage|p2a: Toxapex|29/100|[from] Sandstorm\n|-heal|p1a: Tapu Fini|100/100|[from] item: Leftovers\n|upkeep\n|turn|22\n|inactive|Scarfire has 270 seconds left.\n|\n|t:|1790461118\n|move|p1a: Tapu Fini|Taunt|p2a: Toxapex\n|-start|p2a: Toxapex|move: Taunt\n|cant|p2a: Toxapex|move: Taunt|Recover\n|\n|-weather|Sandstorm|[upkeep]\n|-damage|p1a: Tapu Fini|94/100|[from] Sandstorm\n|-damage|p2a: Toxapex|23/100|[from] Sandstorm\n|-heal|p1a: Tapu Fini|100/100|[from] item: Leftovers\n|upkeep\n|turn|23\n|\n|t:|1790461132\n|switch|p2a: Clefable|Clefable, M|73/100\n|move|p1a: Tapu Fini|Moonblast|p2a: Clefable\n|-damage|p2a: Clefable|48/100\n|\n|-weather|Sandstorm|[upkeep]\n|-damage|p1a: Tapu Fini|94/100|[from] Sandstorm\n|-heal|p1a: Tapu Fini|100/100|[from] item: Leftovers\n|upkeep\n|turn|24\n|inactive|Scarfire has 270 seconds left.\n|\n|t:|1790461167\n|switch|p2a: Toxapex|Toxapex, M|56/100\n|move|p1a: Tapu Fini|Moonblast|p2a: Toxapex\n|-resisted|p2a: Toxapex\n|-damage|p2a: Toxapex|45/100\n|-unboost|p2a: Toxapex|spa|1\n|\n|-weather|none\n|-fieldend|Misty Terrain\n|upkeep\n|turn|25\n|\n|t:|1790461188\n|switch|p1a: Ferrothorn|Ferrothorn, F|84/100\n|move|p2a: Toxapex|Knock Off|p1a: Ferrothorn\n|-damage|p1a: Ferrothorn|75/100\n|-damage|p2a: Toxapex|33/100|[from] ability: Iron Barbs|[of] p1a: Ferrothorn\n|-enditem|p1a: Ferrothorn|Leftovers|[from] move: Knock Off|[of] p2a: Toxapex\n|\n|upkeep\n|turn|26\n|inactive|Scarfire has 240 seconds left.\n|\n|t:|1790461203\n|move|p2a: Toxapex|Recover|p2a: Toxapex\n|-heal|p2a: Toxapex|83/100\n|move|p1a: Ferrothorn|Spikes|p2a: Toxapex\n|-sidestart|p2: Hacker|Spikes\n|\n|upkeep\n|turn|27\n|inactive|Scarfire has 240 seconds left.\n|\n|t:|1790461222\n|switch|p2a: Corviknight|Corviknight, M|80/100\n|-ability|p2a: Corviknight|Pressure\n|move|p1a: Ferrothorn|Leech Seed|p2a: Corviknight\n|-start|p2a: Corviknight|move: Leech Seed\n|\n|-heal|p2a: Corviknight|87/100|[from] item: Leftovers\n|-damage|p2a: Corviknight|74/100|[from] Leech Seed|[of] p1a: Ferrothorn\n|-heal|p1a: Ferrothorn|90/100|[silent]\n|upkeep\n|turn|28\n|inactive|Scarfire has 240 seconds left.\n|\n|t:|1790461236\n|switch|p2a: Clefable|Clefable, M|48/100\n|move|p1a: Ferrothorn|Spikes|p2a: Clefable\n|-sidestart|p2: Hacker|Spikes\n|\n|upkeep\n|turn|29\n|inactive|Scarfire has 240 seconds left.\n|\n|t:|1790461259\n|switch|p1a: Landorus|Landorus-Therian, M|51/100\n|-ability|p1a: Landorus|Intimidate|boost\n|-unboost|p2a: Clefable|atk|1\n|move|p2a: Clefable|Soft-Boiled|p2a: Clefable\n|-heal|p2a: Clefable|98/100\n|\n|upkeep\n|turn|30\n|\n|t:|1790461267\n|switch|p2a: Corviknight|Corviknight, M|74/100\n|-ability|p2a: Corviknight|Pressure\n|move|p1a: Landorus|Earthquake|p2a: Corviknight\n|-immune|p2a: Corviknight\n|\n|-heal|p2a: Corviknight|80/100|[from] item: Leftovers\n|upkeep\n|turn|31\n|\n|t:|1790461277\n|move|p1a: Landorus|U-turn|p2a: Corviknight\n|-resisted|p2a: Corviknight\n|-damage|p2a: Corviknight|76/100\n|\n|t:|1790461281\n|switch|p1a: Zapdos|Zapdos|88/100|[from] U-turn\n|move|p2a: Corviknight|Drill Peck|p1a: Zapdos\n|-resisted|p1a: Zapdos\n|-damage|p1a: Zapdos|74/100\n|\n|-heal|p2a: Corviknight|82/100|[from] item: Leftovers\n|upkeep\n|turn|32\n|inactive|Scarfire has 240 seconds left.\n|\n|t:|1790461290\n|move|p2a: Corviknight|Protect|p2a: Corviknight\n|-singleturn|p2a: Corviknight|Protect\n|move|p1a: Zapdos|Volt Switch|p2a: Corviknight\n|-activate|p2a: Corviknight|move: Protect\n|\n|-heal|p2a: Corviknight|88/100|[from] item: Leftovers\n|upkeep\n|turn|33\n|inactive|Scarfire has 240 seconds left.\n|\n|t:|1790461307\n|switch|p2a: Hippowdon|Hippowdon, M|100/100\n|-damage|p2a: Hippowdon|84/100|[from] Spikes\n|-weather|Sandstorm|[from] ability: Sand Stream|[of] p2a: Hippowdon\n|move|p1a: Zapdos|Volt Switch|p2a: Hippowdon\n|-immune|p2a: Hippowdon\n|\n|-weather|Sandstorm|[upkeep]\n|-damage|p1a: Zapdos|68/100|[from] Sandstorm\n|-heal|p2a: Hippowdon|90/100|[from] item: Leftovers\n|upkeep\n|turn|34\n|\n|t:|1790461317\n|switch|p1a: Tapu Fini|Tapu Fini|100/100\n|-fieldstart|move: Misty Terrain|[from] ability: Misty Surge|[of] p1a: Tapu Fini\n|move|p2a: Hippowdon|Earthquake|p1a: Tapu Fini\n|-damage|p1a: Tapu Fini|74/100\n|\n|-weather|Sandstorm|[upkeep]\n|-damage|p1a: Tapu Fini|68/100|[from] Sandstorm\n|-heal|p1a: Tapu Fini|74/100|[from] item: Leftovers\n|-heal|p2a: Hippowdon|96/100|[from] item: Leftovers\n|upkeep\n|turn|35\n|\n|t:|1790461330\n|switch|p2a: Toxapex|Toxapex, M|100/100\n|-damage|p2a: Toxapex|84/100|[from] Spikes\n|move|p1a: Tapu Fini|Nature's Madness|p2a: Toxapex\n|-damage|p2a: Toxapex|42/100\n|\n|-weather|Sandstorm|[upkeep]\n|-damage|p1a: Tapu Fini|68/100|[from] Sandstorm\n|-damage|p2a: Toxapex|36/100|[from] Sandstorm\n|-heal|p1a: Tapu Fini|74/100|[from] item: Leftovers\n|upkeep\n|turn|36\n|inactive|Scarfire has 240 seconds left.\n|\n|t:|1790461370\n|move|p1a: Tapu Fini|Nature's Madness|p2a: Toxapex\n|-damage|p2a: Toxapex|19/100\n|move|p2a: Toxapex|Recover|p2a: Toxapex\n|-heal|p2a: Toxapex|69/100\n|\n|-weather|Sandstorm|[upkeep]\n|-damage|p1a: Tapu Fini|68/100|[from] Sandstorm\n|-damage|p2a: Toxapex|63/100|[from] Sandstorm\n|-heal|p1a: Tapu Fini|74/100|[from] item: Leftovers\n|upkeep\n|turn|37\n|\n|t:|1790461383\n|switch|p1a: Ferrothorn|Ferrothorn, F|90/100\n|move|p2a: Toxapex|Knock Off|p1a: Ferrothorn\n|-damage|p1a: Ferrothorn|83/100\n|-damage|p2a: Toxapex|51/100|[from] ability: Iron Barbs|[of] p1a: Ferrothorn\n|\n|-weather|none\n|upkeep\n|turn|38\n|\n|t:|1790461396\n|switch|p2a: Corviknight|Corviknight, M|88/100\n|-ability|p2a: Corviknight|Pressure\n|move|p1a: Ferrothorn|Leech Seed|p2a: Corviknight|[miss]\n|-miss|p1a: Ferrothorn|p2a: Corviknight\n|\n|-heal|p2a: Corviknight|94/100|[from] item: Leftovers\n|-fieldend|Misty Terrain\n|upkeep\n|turn|39\n|inactive|Scarfire has 240 seconds left.\n|\n|t:|1790461402\n|move|p2a: Corviknight|Protect|p2a: Corviknight\n|-singleturn|p2a: Corviknight|Protect\n|move|p1a: Ferrothorn|Knock Off|p2a: Corviknight\n|-activate|p2a: Corviknight|move: Protect\n|\n|-heal|p2a: Corviknight|100/100|[from] item: Leftovers\n|upkeep\n|turn|40\n|\n|t:|1790461406\n|switch|p2a: Clefable|Clefable, M|98/100\n|move|p1a: Ferrothorn|Knock Off|p2a: Clefable\n|-resisted|p2a: Clefable\n|-damage|p2a: Clefable|91/100\n|\n|upkeep\n|turn|41\n|\n|t:|1790461424\n|switch|p2a: Corviknight|Corviknight, M|100/100\n|-ability|p2a: Corviknight|Pressure\n|move|p1a: Ferrothorn|Power Whip|p2a: Corviknight\n|-resisted|p2a: Corviknight\n|-damage|p2a: Corviknight|92/100\n|\n|-heal|p2a: Corviknight|98/100|[from] item: Leftovers\n|upkeep\n|turn|42\n|\n|t:|1790461435\n|move|p2a: Corviknight|Protect|p2a: Corviknight\n|-singleturn|p2a: Corviknight|Protect\n|move|p1a: Ferrothorn|Knock Off|p2a: Corviknight\n|-activate|p2a: Corviknight|move: Protect\n|\n|-heal|p2a: Corviknight|100/100|[from] item: Leftovers\n|upkeep\n|turn|43\n|\n|t:|1790461442\n|switch|p2a: Clefable|Clefable, M|91/100\n|switch|p1a: Urshifu|Urshifu-Rapid-Strike, F|100/100\n|\n|upkeep\n|turn|44\n|\n|t:|1790461451\n|switch|p2a: Buzzwole|Buzzwole|100/100\n|move|p1a: Urshifu|U-turn|p2a: Buzzwole\n|-resisted|p2a: Buzzwole\n|-damage|p2a: Buzzwole|91/100\n|inactive|Scarfire has 270 seconds left.\n|\n|t:|1790461460\n|switch|p1a: Zapdos|Zapdos|68/100|[from] U-turn\n|\n|upkeep\n|turn|45\n|\n|t:|1790461471\n|switch|p2a: Corviknight|Corviknight, M|100/100\n|-ability|p2a: Corviknight|Pressure\n|move|p1a: Zapdos|Hurricane|p2a: Corviknight\n|-resisted|p2a: Corviknight\n|-damage|p2a: Corviknight|79/100\n|-start|p2a: Corviknight|confusion\n|\n|-heal|p2a: Corviknight|86/100|[from] item: Leftovers\n|upkeep\n|turn|46\n|inactive|Scarfire has 270 seconds left.\n|\n|t:|1790461507\n|switch|p1a: Weavile|Weavile, F|100/100\n|-ability|p1a: Weavile|Pressure\n|switch|p2a: Hippowdon|Hippowdon, M|96/100\n|-damage|p2a: Hippowdon|80/100|[from] Spikes\n|-weather|Sandstorm|[from] ability: Sand Stream|[of] p2a: Hippowdon\n|\n|-weather|Sandstorm|[upkeep]\n|-damage|p1a: Weavile|94/100|[from] Sandstorm\n|-heal|p2a: Hippowdon|86/100|[from] item: Leftovers\n|upkeep\n|turn|47\n|\n|t:|1790461532\n|switch|p2a: Toxapex|Toxapex, M|84/100\n|-damage|p2a: Toxapex|67/100|[from] Spikes\n|move|p1a: Weavile|Swords Dance|p1a: Weavile\n|-boost|p1a: Weavile|atk|2\n|\n|-weather|Sandstorm|[upkeep]\n|-damage|p1a: Weavile|88/100|[from] Sandstorm\n|-damage|p2a: Toxapex|62/100|[from] Sandstorm\n|upkeep\n|turn|48\n|\n|t:|1790461555\n|switch|p2a: Quagsire|Quagsire, F|100/100\n|-damage|p2a: Quagsire|84/100|[from] Spikes\n|move|p1a: Weavile|Knock Off|p2a: Quagsire\n|-damage|p2a: Quagsire|46/100\n|-enditem|p2a: Quagsire|Leftovers|[from] move: Knock Off|[of] p1a: Weavile\n|\n|-weather|Sandstorm|[upkeep]\n|-damage|p1a: Weavile|82/100|[from] Sandstorm\n|upkeep\n|turn|49\n|\n|t:|1790461564\n|move|p1a: Weavile|Triple Axel|p2a: Quagsire\n|-damage|p2a: Quagsire|39/100\n|-hitcount|p2a: Quagsire|1\n|move|p2a: Quagsire|Recover|p2a: Quagsire\n|-heal|p2a: Quagsire|89/100\n|\n|-weather|Sandstorm|[upkeep]\n|-damage|p1a: Weavile|76/100|[from] Sandstorm\n|upkeep\n|turn|50\n|\n|t:|1790461574\n|switch|p1a: Tapu Fini|Tapu Fini|74/100\n|-fieldstart|move: Misty Terrain|[from] ability: Misty Surge|[of] p1a: Tapu Fini\n|move|p2a: Quagsire|Seismic Toss|p1a: Tapu Fini\n|-damage|p1a: Tapu Fini|45/100\n|\n|-weather|none\n|-heal|p1a: Tapu Fini|51/100|[from] item: Leftovers\n|upkeep\n|turn|51\n|\n|t:|1790461586\n|switch|p2a: Toxapex|Toxapex, M|95/100\n|-damage|p2a: Toxapex|78/100|[from] Spikes\n|move|p1a: Tapu Fini|Nature's Madness|p2a: Toxapex\n|-damage|p2a: Toxapex|39/100\n|\n|-heal|p1a: Tapu Fini|57/100|[from] item: Leftovers\n|upkeep\n|turn|52\n|\n|t:|1790461598\n|move|p1a: Tapu Fini|Taunt|p2a: Toxapex\n|-start|p2a: Toxapex|move: Taunt\n|move|p2a: Toxapex|Knock Off|p1a: Tapu Fini\n|-resisted|p1a: Tapu Fini\n|-damage|p1a: Tapu Fini|51/100\n|-enditem|p1a: Tapu Fini|Leftovers|[from] move: Knock Off|[of] p2a: Toxapex\n|\n|upkeep\n|turn|53\n|\n|t:|1790461614\n|move|p1a: Tapu Fini|Nature's Madness|p2a: Toxapex\n|-damage|p2a: Toxapex|20/100\n|move|p2a: Toxapex|Knock Off|p1a: Tapu Fini\n|-resisted|p1a: Tapu Fini\n|-damage|p1a: Tapu Fini|48/100\n|\n|upkeep\n|turn|54\n|\n|t:|1790461628\n|switch|p2a: Corviknight|Corviknight, M|86/100\n|-ability|p2a: Corviknight|Pressure\n|move|p1a: Tapu Fini|Nature's Madness|p2a: Corviknight\n|-damage|p2a: Corviknight|43/100\n|\n|-heal|p2a: Corviknight|49/100|[from] item: Leftovers\n|-fieldend|Misty Terrain\n|upkeep\n|turn|55\n|\n|t:|1790461636\n|switch|p1a: Weavile|Weavile, F|76/100\n|-ability|p1a: Weavile|Pressure\n|move|p2a: Corviknight|Protect||[still]\n|-fail|p2a: Corviknight\n|\n|-heal|p2a: Corviknight|56/100|[from] item: Leftovers\n|upkeep\n|turn|56\n|\n|t:|1790461642\n|move|p2a: Corviknight|Protect|p2a: Corviknight\n|-singleturn|p2a: Corviknight|Protect\n|move|p1a: Weavile|Swords Dance|p1a: Weavile\n|-boost|p1a: Weavile|atk|2\n|\n|-heal|p2a: Corviknight|62/100|[from] item: Leftovers\n|upkeep\n|turn|57\n|\n|t:|1790461648\n|switch|p2a: Quagsire|Quagsire, F|89/100\n|-damage|p2a: Quagsire|72/100|[from] Spikes\n|move|p1a: Weavile|Triple Axel|p2a: Quagsire\n|-damage|p2a: Quagsire|64/100\n|-crit|p2a: Quagsire\n|-damage|p2a: Quagsire|40/100\n|-damage|p2a: Quagsire|14/100\n|-hitcount|p2a: Quagsire|3\n|\n|upkeep\n|turn|58\n|\n|t:|1790461656\n|move|p1a: Weavile|Knock Off|p2a: Quagsire\n|-damage|p2a: Quagsire|0 fnt\n|faint|p2a: Quagsire\n|\n|upkeep\n|\n|t:|1790461657\n|switch|p2a: Buzzwole|Buzzwole|91/100\n|turn|59\n|\n|t:|1790461679\n|switch|p1a: Zapdos|Zapdos|68/100\n|move|p2a: Buzzwole|Ice Punch|p1a: Zapdos\n|-supereffective|p1a: Zapdos\n|-damage|p1a: Zapdos|17/100\n|-status|p1a: Zapdos|frz\n|\n|upkeep\n|turn|60\n|\n|t:|1790461687\n|-curestatus|p1a: Zapdos|frz|[msg]\n|move|p1a: Zapdos|Roost|p1a: Zapdos\n|-heal|p1a: Zapdos|67/100\n|-singleturn|p1a: Zapdos|move: Roost\n|move|p2a: Buzzwole|Ice Punch|p1a: Zapdos\n|-damage|p1a: Zapdos|41/100\n|\n|upkeep\n|turn|61\n|\n|t:|1790461694\n|move|p1a: Zapdos|Hurricane|p2a: Buzzwole\n|-supereffective|p2a: Buzzwole\n|-damage|p2a: Buzzwole|0 fnt\n|faint|p2a: Buzzwole\n|\n|upkeep\n|-message|Hacker forfeited.\n|\n|win|Scarfire\n|c|\u2606Hacker|gg\n|c|\u2606Scarfire|gg\n", "uploadtime": 1790461697, "views": "83", "formatid": "gen8ou", "rating": null, "private": 0, "password": null}