{"id": "smogtours-gen8ou-976038", "format": "[Gen 8] OU", "players": ["Kochu_shak", "Finchely"], "log": "|inactive|Battle timer is ON: inactive players will automatically lose when time's up.\n|t:|1791004163\n|gametype|singles\n|player|p1|Kochu_shak|#umclisprigatitos|\n|player|p2|Finchely|#finchely|\n|gen|8\n|tier|[Gen 8] OU\n|rule|HP Percentage Mod: HP is shown in percentages\n|rule|Endless Battle Clause: Forcing endless battles is banned\n|rule|Sleep Clause Mod: Limit one foe put to sleep\n|rule|Species Clause: Limit one of each Pok\u00e9mon\n|rule|OHKO Clause: OHKO moves are banned\n|rule|Evasion Items Clause: Evasion items are banned\n|rule|Evasion Moves Clause: Evasion moves are banned\n|rule|Dynamax Clause: You cannot dynamax\n|clearpoke\n|poke|p1|Pikachu-Original, M|\n|poke|p1|Weavile, F|\n|poke|p1|Pelipper, M|\n|poke|p1|Barraskewda, F|\n|poke|p1|Ferrothorn, F|\n|poke|p1|Tornadus-Therian, M|\n|poke|p2|Urshifu-*, F|\n|poke|p2|Dragapult, F|\n|poke|p2|Tapu Lele|\n|poke|p2|Landorus-Therian, M|\n|poke|p2|Tornadus-Therian, M|\n|poke|p2|Ferrothorn, F|\n|teampreview\n|c|\u2606Finchely|glhf\n|c|\u2606Kochu_shak|u2\n|inactive|Finchely has 270 seconds left.\n|\n|t:|1791004211\n|teamsize|p1|6\n|teamsize|p2|6\n|start\n|switch|p1a: FIRST OFF|Pelipper, M|100/100\n|switch|p2a: Dragapult|Dragapult, F, shiny|100/100\n|-weather|RainDance|[from] ability: Drizzle|[of] p1a: FIRST OFF\n|turn|1\n|\n|t:|1791004231\n|switch|p1a: RIDE|Ferrothorn, F|100/100\n|move|p2a: Dragapult|Shadow Ball|p1a: RIDE\n|-damage|p1a: RIDE|58/100\n|-enditem|p1a: RIDE|Eject Button\n|inactive|Kochu_shak has 270 seconds left.\n|\n|t:|1791004250\n|switch|p1a: HEADCASE|Weavile, F|100/100\n|-ability|p1a: HEADCASE|Pressure\n|\n|-weather|RainDance|[upkeep]\n|upkeep\n|turn|2\n|inactive|Kochu_shak has 270 seconds left.\n|\n|t:|1791004267\n|switch|p2a: Urshifu|Urshifu-Rapid-Strike, F|100/100\n|move|p1a: HEADCASE|Knock Off|p2a: Urshifu\n|-resisted|p2a: Urshifu\n|-crit|p2a: Urshifu\n|-damage|p2a: Urshifu|43/100\n|-enditem|p2a: Urshifu|Choice Band|[from] move: Knock Off|[of] p1a: HEADCASE\n|\n|-weather|RainDance|[upkeep]\n|upkeep\n|turn|3\n|c|+fishyroads|is this g2\n|c|\u2606Finchely|ye\n|c|\u2606Kochu_shak|yes\n|c|+fishyroads|kk\n|inactive|Kochu_shak has 270 seconds left.\n|c|+GigaBytes7|there is a pikachu on my screen\n|\n|t:|1791004302\n|switch|p1a: FIRST OFF|Pelipper, M|100/100\n|move|p2a: Urshifu|U-turn|p1a: FIRST OFF\n|-resisted|p1a: FIRST OFF\n|-damage|p1a: FIRST OFF|85/100\n|c|+fishyroads|let them cook\n|c|\u2606Finchely|that guy goes crazy in NFE with focus punch\n|c|\u2606Finchely|:eyes:\n|\n|t:|1791004308\n|switch|p2a: Dragapult|Dragapult, F, shiny|100/100|[from] U-turn\n|\n|-weather|RainDance|[upkeep]\n|upkeep\n|turn|4\n|c|+GigaBytes7|true...\n|inactive|Kochu_shak has 240 seconds left.\n|\n|t:|1791004354\n|switch|p1a: DREAMS|Tornadus-Therian, M|100/100\n|move|p2a: Dragapult|Shadow Ball|p1a: DREAMS\n|-damage|p1a: DREAMS|48/100\n|\n|-weather|RainDance|[upkeep]\n|upkeep\n|turn|5\n|\n|t:|1791004373\n|switch|p1a: HEADCASE|Weavile, F|100/100\n|-ability|p1a: HEADCASE|Pressure\n|move|p2a: Dragapult|Shadow Ball|p1a: HEADCASE\n|-resisted|p1a: HEADCASE\n|-damage|p1a: HEADCASE|64/100\n|\n|-weather|none\n|upkeep\n|turn|6\n|inactive|Kochu_shak has 210 seconds left.\n|\n|t:|1791004389\n|switch|p2a: Urshifu|Urshifu-Rapid-Strike, F|43/100\n|move|p1a: HEADCASE|Low Kick|p2a: Urshifu\n|-crit|p2a: Urshifu\n|-damage|p2a: Urshifu|0 fnt\n|faint|p2a: Urshifu\n|\n|upkeep\n|inactive|Finchely has 270 seconds left.\n|c|\u2606Finchely|scope lens weavile hmm\n|\n|t:|1791004429\n|switch|p2a: Dragapult|Dragapult, F, shiny|100/100\n|turn|7\n|inactive|Kochu_shak has 210 seconds left.\n|\n|t:|1791004467\n|switch|p1a: RIDE|Ferrothorn, F|58/100\n|move|p2a: Dragapult|Shadow Ball|p1a: RIDE\n|-damage|p1a: RIDE|10/100\n|\n|upkeep\n|turn|8\n|\n|t:|1791004476\n|move|p2a: Dragapult|Shadow Ball|p1a: RIDE\n|-damage|p1a: RIDE|0 fnt\n|faint|p1a: RIDE\n|\n|upkeep\n|inactive|Kochu_shak has 180 seconds left.\n|\n|t:|1791004526\n|switch|p1a: HEADCASE|Weavile, F|64/100\n|-ability|p1a: HEADCASE|Pressure\n|turn|9\n|inactive|Finchely has 270 seconds left.\n|\n|t:|1791004554\n|switch|p2a: Landorus|Landorus-Therian, M|100/100\n|-ability|p2a: Landorus|Intimidate|boost\n|-unboost|p1a: HEADCASE|atk|1\n|move|p1a: HEADCASE|Knock Off|p2a: Landorus\n|-damage|p2a: Landorus|51/100\n|-enditem|p2a: Landorus|Leftovers|[from] move: Knock Off|[of] p1a: HEADCASE\n|\n|upkeep\n|turn|10\n|inactive|Finchely has 270 seconds left.\n|inactive|Kochu_shak has 150 seconds left.\n|\n|t:|1791004573\n|switch|p1a: DREAMS|Tornadus-Therian, M|81/100\n|move|p2a: Landorus|U-turn|p1a: DREAMS\n|-resisted|p1a: DREAMS\n|-damage|p1a: DREAMS|69/100\n|inactive|Finchely has 270 seconds left.\n|\n|t:|1791004580\n|switch|p2a: Dragapult|Dragapult, F, shiny|100/100|[from] U-turn\n|\n|upkeep\n|turn|11\n|inactive|Kochu_shak has 150 seconds left.\n|\n|t:|1791004595\n|move|p2a: Dragapult|Draco Meteor|p1a: DREAMS\n|-damage|p1a: DREAMS|0 fnt\n|-unboost|p2a: Dragapult|spa|2\n|faint|p1a: DREAMS\n|\n|upkeep\n|inactive|Kochu_shak has 150 seconds left.\n|\n|t:|1791004605\n|switch|p1a: FIRST OFF|Pelipper, M|85/100\n|-weather|RainDance|[from] ability: Drizzle|[of] p1a: FIRST OFF\n|turn|12\n|\n|t:|1791004611\n|switch|p2a: Tornadus|Tornadus-Therian, M, shiny|100/100\n|move|p1a: FIRST OFF|Hurricane|p2a: Tornadus\n|-damage|p2a: Tornadus|49/100\n|\n|-weather|RainDance|[upkeep]\n|upkeep\n|turn|13\n|inactive|Finchely has 270 seconds left.\n|\n|t:|1791004652\n|move|p2a: Tornadus|Hurricane|p1a: FIRST OFF\n|-damage|p1a: FIRST OFF|13/100\n|move|p1a: FIRST OFF|Hurricane|p2a: Tornadus\n|-damage|p2a: Tornadus|3/100\n|-start|p2a: Tornadus|confusion\n|\n|-weather|RainDance|[upkeep]\n|upkeep\n|turn|14\n|inactive|Kochu_shak disconnected and has 300 seconds to reconnect!\n|player|p1|\n|inactive|Kochu_shak reconnected and has 165 seconds left.\n|player|p1|Kochu_shak|#umclisprigatitos|\n|inactive|Kochu_shak has 150 seconds left.\n|\n|t:|1791004701\n|-activate|p2a: Tornadus|confusion\n|move|p2a: Tornadus|Knock Off|p1a: FIRST OFF\n|-damage|p1a: FIRST OFF|0 fnt\n|-enditem|p1a: FIRST OFF|Choice Specs|[from] move: Knock Off|[of] p2a: Tornadus\n|faint|p1a: FIRST OFF\n|\n|-weather|RainDance|[upkeep]\n|upkeep\n|\n|t:|1791004717\n|switch|p1a: LET YOU DOWN|Barraskewda, F|100/100\n|turn|15\n|\n|t:|1791004726\n|move|p1a: LET YOU DOWN|Flip Turn|p2a: Tornadus\n|-damage|p2a: Tornadus|0 fnt\n|faint|p2a: Tornadus\n|\n|t:|1791004732\n|switch|p1a: 51 GIRLS|Pikachu-Original, M|100/100|[from] Flip Turn\n|\n|-weather|RainDance|[upkeep]\n|upkeep\n|\n|t:|1791004739\n|switch|p2a: Tapu Lele|Tapu Lele, shiny|100/100\n|-fieldstart|move: Psychic Terrain|[from] ability: Psychic Surge|[of] p2a: Tapu Lele\n|turn|16\n|\n|t:|1791004746\n|move|p2a: Tapu Lele|Moonblast|p1a: 51 GIRLS\n|-damage|p1a: 51 GIRLS|0 fnt\n|faint|p1a: 51 GIRLS\n|\n|-weather|none\n|upkeep\n|\n|t:|1791004756\n|switch|p1a: LET YOU DOWN|Barraskewda, F|100/100\n|turn|17\n|\n|t:|1791004764\n|move|p2a: Tapu Lele|Moonblast|p1a: LET YOU DOWN\n|-damage|p1a: LET YOU DOWN|0 fnt\n|faint|p1a: LET YOU DOWN\n|\n|upkeep\n|c|\u2606Kochu_shak|gg\n|\n|t:|1791004769\n|switch|p1a: HEADCASE|Weavile, F|64/100\n|-ability|p1a: HEADCASE|Pressure\n|turn|18\n|c|\u2606Finchely|gg\n|\n|t:|1791004771\n|move|p2a: Tapu Lele|Moonblast|p1a: HEADCASE\n|-supereffective|p1a: HEADCASE\n|-damage|p1a: HEADCASE|0 fnt\n|faint|p1a: HEADCASE\n|\n|win|Finchely\n", "uploadtime": 1791004771, "views": "31", "formatid": "gen8ou", "rating": null, "private": 0, "password": null}