{"id": "smogtours-gen8ou-976736", "format": "[Gen 8] OU", "players": ["DripLegend", "Goniochromism"], "log": "|inactive|Battle timer is ON: inactive players will automatically lose when time's up.\n|t:|1791134487\n|gametype|singles\n|player|p1|DripLegend|#driplegend|\n|player|p2|Goniochromism|leaf-masters2|\n|gen|8\n|tier|[Gen 8] OU\n|rule|HP Percentage Mod: HP is shown in percentages\n|rule|Endless Battle Clause: Forcing endless battles is banned\n|rule|Sleep Clause Mod: Limit one foe put to sleep\n|rule|Species Clause: Limit one of each Pok\u00e9mon\n|rule|OHKO Clause: OHKO moves are banned\n|rule|Evasion Items Clause: Evasion items are banned\n|rule|Evasion Moves Clause: Evasion moves are banned\n|rule|Dynamax Clause: You cannot dynamax\n|clearpoke\n|poke|p1|Garchomp, F|\n|poke|p1|Dragapult, F|\n|poke|p1|Blaziken, M|\n|poke|p1|Weavile, M|\n|poke|p1|Rillaboom, F|\n|poke|p1|Heatran, M|\n|poke|p2|Tyranitar, F|\n|poke|p2|Excadrill, M|\n|poke|p2|Keldeo-Resolute|\n|poke|p2|Slowbro, F|\n|poke|p2|Tornadus-Therian, M|\n|poke|p2|Ferrothorn, F|\n|teampreview\n|c|\u2606Goniochromism|hf\n|c|\u2606DripLegend|hf\n|inactive|Goniochromism has 270 seconds left.\n|\n|t:|1791134523\n|teamsize|p1|6\n|teamsize|p2|6\n|start\n|switch|p1a: Heatran|Heatran, M|100/100\n|switch|p2a: Tornadus|Tornadus-Therian, M|100/100\n|-item|p1a: Heatran|Air Balloon\n|turn|1\n|\n|t:|1791134533\n|move|p2a: Tornadus|Taunt|p1a: Heatran\n|-start|p1a: Heatran|move: Taunt\n|cant|p1a: Heatran|move: Taunt|Stealth Rock\n|\n|upkeep\n|turn|2\n|\n|t:|1791134537\n|move|p2a: Tornadus|U-turn|p1a: Heatran\n|-resisted|p1a: Heatran\n|-damage|p1a: Heatran|98/100\n|-status|p2a: Tornadus|brn|[from] ability: Flame Body|[of] p1a: Heatran\n|-enditem|p1a: Heatran|Air Balloon\n|\n|t:|1791134551\n|switch|p2a: Slowbro|Slowbro, F|100/100|[from] U-turn\n|move|p1a: Heatran|Magma Storm|p2a: Slowbro\n|-resisted|p2a: Slowbro\n|-damage|p2a: Slowbro|78/100\n|-activate|p2a: Slowbro|move: Magma Storm|[of] p1a: Heatran\n|-enditem|p2a: Slowbro|Eject Button\n|\n|t:|1791134557\n|switch|p2a: Keldeo|Keldeo-Resolute|100/100\n|\n|upkeep\n|turn|3\n|\n|t:|1791134573\n|switch|p1a: Rillaboom|Rillaboom, F|100/100\n|-fieldstart|move: Grassy Terrain|[from] ability: Grassy Surge|[of] p1a: Rillaboom\n|move|p2a: Keldeo|Hydro Pump|p1a: Rillaboom\n|-resisted|p1a: Rillaboom\n|-crit|p1a: Rillaboom\n|-damage|p1a: Rillaboom|13/100\n|\n|-heal|p1a: Rillaboom|19/100|[from] Grassy Terrain\n|upkeep\n|turn|4\n|\n|t:|1791134585\n|switch|p2a: Tornadus|Tornadus-Therian, M|100/100 brn\n|switch|p1a: Heatran|Heatran, M|98/100\n|\n|-heal|p1a: Heatran|100/100|[from] Grassy Terrain\n|-damage|p2a: Tornadus|94/100 brn|[from] brn\n|upkeep\n|turn|5\n|\n|t:|1791134597\n|move|p2a: Tornadus|U-turn|p1a: Heatran\n|-resisted|p1a: Heatran\n|-damage|p1a: Heatran|99/100\n|\n|t:|1791134600\n|switch|p2a: Tyranitar|Tyranitar, F|100/100|[from] U-turn\n|-weather|Sandstorm|[from] ability: Sand Stream|[of] p2a: Tyranitar\n|move|p1a: Heatran|Magma Storm|p2a: Tyranitar|[miss]\n|-miss|p1a: Heatran|p2a: Tyranitar\n|\n|-weather|Sandstorm|[upkeep]\n|-heal|p1a: Heatran|100/100|[from] Grassy Terrain\n|upkeep\n|turn|6\n|\n|t:|1791134606\n|move|p1a: Heatran|Taunt|p2a: Tyranitar\n|-start|p2a: Tyranitar|move: Taunt\n|cant|p2a: Tyranitar|move: Taunt|Stealth Rock\n|\n|-weather|Sandstorm|[upkeep]\n|upkeep\n|turn|7\n|\n|t:|1791134620\n|switch|p2a: Slowbro|Slowbro, F|100/100\n|move|p1a: Heatran|Stealth Rock|p2a: Slowbro\n|-sidestart|p2: Goniochromism|move: Stealth Rock\n|\n|-weather|Sandstorm|[upkeep]\n|-damage|p2a: Slowbro|94/100|[from] Sandstorm\n|-heal|p2a: Slowbro|100/100|[from] Grassy Terrain\n|-fieldend|move: Grassy Terrain\n|upkeep\n|turn|8\n|\n|t:|1791134629\n|move|p1a: Heatran|Taunt|p2a: Slowbro\n|-start|p2a: Slowbro|move: Taunt\n|move|p2a: Slowbro|Scald|p1a: Heatran\n|-supereffective|p1a: Heatran\n|-damage|p1a: Heatran|51/100\n|\n|-weather|Sandstorm|[upkeep]\n|-damage|p2a: Slowbro|94/100|[from] Sandstorm\n|upkeep\n|turn|9\n|\n|t:|1791134645\n|move|p1a: Heatran|Magma Storm|p2a: Slowbro\n|-resisted|p2a: Slowbro\n|-damage|p2a: Slowbro|71/100\n|-activate|p2a: Slowbro|move: Magma Storm|[of] p1a: Heatran\n|move|p2a: Slowbro|Scald|p1a: Heatran\n|-supereffective|p1a: Heatran\n|-damage|p1a: Heatran|3/100\n|\n|-weather|none\n|-damage|p2a: Slowbro|58/100|[from] move: Magma Storm|[partiallytrapped]\n|upkeep\n|turn|10\n|\n|t:|1791134651\n|move|p1a: Heatran|Earth Power|p2a: Slowbro\n|-damage|p2a: Slowbro|32/100\n|move|p2a: Slowbro|Scald|p1a: Heatran\n|-supereffective|p1a: Heatran\n|-damage|p1a: Heatran|0 fnt\n|faint|p1a: Heatran\n|\n|-end|p2a: Slowbro|Magma Storm|[partiallytrapped]|[silent]\n|-end|p2a: Slowbro|move: Taunt\n|upkeep\n|inactive|DripLegend has 270 seconds left.\n|\n|t:|1791134688\n|switch|p1a: Weavile|Weavile, M|100/100\n|-ability|p1a: Weavile|Pressure\n|turn|11\n|\n|t:|1791134705\n|switch|p2a: Keldeo|Keldeo-Resolute|100/100\n|-damage|p2a: Keldeo|94/100|[from] Stealth Rock\n|move|p1a: Weavile|Swords Dance|p1a: Weavile\n|-boost|p1a: Weavile|atk|2\n|\n|upkeep\n|turn|12\n|inactive|DripLegend has 270 seconds left.\n|\n|t:|1791134723\n|move|p1a: Weavile|Triple Axel|p2a: Keldeo\n|-resisted|p2a: Keldeo\n|-damage|p2a: Keldeo|78/100\n|-resisted|p2a: Keldeo\n|-damage|p2a: Keldeo|44/100\n|-resisted|p2a: Keldeo\n|-damage|p2a: Keldeo|0 fnt\n|faint|p2a: Keldeo\n|-hitcount|p2: Keldeo|3\n|-damage|p1a: Weavile|91/100|[from] item: Life Orb\n|\n|upkeep\n|\n|t:|1791134734\n|switch|p2a: Tyranitar|Tyranitar, F|100/100\n|-damage|p2a: Tyranitar|88/100|[from] Stealth Rock\n|-weather|Sandstorm|[from] ability: Sand Stream|[of] p2a: Tyranitar\n|turn|13\n|inactive|DripLegend has 270 seconds left.\n|\n|t:|1791134760\n|switch|p2a: Ferrothorn|Ferrothorn, F|100/100\n|-damage|p2a: Ferrothorn|94/100|[from] Stealth Rock\n|move|p1a: Weavile|Triple Axel|p2a: Ferrothorn\n|-damage|p2a: Ferrothorn|73/100\n|-damage|p1a: Weavile|78/100|[from] ability: Iron Barbs|[of] p2a: Ferrothorn\n|-damage|p2a: Ferrothorn|32/100\n|-damage|p1a: Weavile|66/100|[from] ability: Iron Barbs|[of] p2a: Ferrothorn\n|-damage|p2a: Ferrothorn|0 fnt\n|-damage|p1a: Weavile|53/100|[from] ability: Iron Barbs|[of] p2a: Ferrothorn\n|faint|p2a: Ferrothorn\n|-hitcount|p2: Ferrothorn|3\n|-damage|p1a: Weavile|43/100|[from] item: Life Orb\n|\n|-weather|Sandstorm|[upkeep]\n|-damage|p1a: Weavile|37/100|[from] Sandstorm\n|upkeep\n|\n|t:|1791134763\n|switch|p2a: Excadrill|Excadrill, M|100/100\n|-damage|p2a: Excadrill|97/100|[from] Stealth Rock\n|turn|14\n|\n|t:|1791134776\n|move|p1a: Weavile|Ice Shard|p2a: Excadrill\n|-damage|p2a: Excadrill|10/100\n|-damage|p1a: Weavile|27/100|[from] item: Life Orb\n|move|p2a: Excadrill|Earthquake|p1a: Weavile\n|-damage|p1a: Weavile|0 fnt\n|faint|p1a: Weavile\n|\n|-weather|Sandstorm|[upkeep]\n|-heal|p2a: Excadrill|16/100|[from] item: Leftovers\n|upkeep\n|\n|t:|1791134785\n|switch|p1a: Rillaboom|Rillaboom, F|19/100\n|-fieldstart|move: Grassy Terrain|[from] ability: Grassy Surge|[of] p1a: Rillaboom\n|turn|15\n|inactive|Goniochromism has 270 seconds left.\n|\n|t:|1791134816\n|switch|p2a: Tornadus|Tornadus-Therian, M|100/100 brn\n|move|p1a: Rillaboom|Grassy Glide|p2a: Tornadus\n|-resisted|p2a: Tornadus\n|-damage|p2a: Tornadus|68/100 brn\n|-damage|p1a: Rillaboom|10/100|[from] item: Life Orb\n|\n|-weather|Sandstorm|[upkeep]\n|-damage|p2a: Tornadus|62/100 brn|[from] Sandstorm\n|-damage|p1a: Rillaboom|4/100|[from] Sandstorm\n|-heal|p1a: Rillaboom|10/100|[from] Grassy Terrain\n|-damage|p2a: Tornadus|56/100 brn|[from] brn\n|upkeep\n|turn|16\n|\n|t:|1791134827\n|switch|p1a: Garchomp|Garchomp, F|100/100\n|move|p2a: Tornadus|U-turn|p1a: Garchomp\n|-damage|p1a: Garchomp|94/100\n|-damage|p2a: Tornadus|43/100 brn|[from] ability: Rough Skin|[of] p1a: Garchomp\n|\n|t:|1791134830\n|switch|p2a: Tyranitar|Tyranitar, F|88/100|[from] U-turn\n|-damage|p2a: Tyranitar|76/100|[from] Stealth Rock\n|\n|-weather|Sandstorm|[upkeep]\n|-heal|p1a: Garchomp|99/100|[from] Grassy Terrain\n|-heal|p1a: Garchomp|100/100|[from] item: Leftovers\n|-heal|p2a: Tyranitar|82/100|[from] Grassy Terrain\n|-heal|p2a: Tyranitar|88/100|[from] item: Leftovers\n|upkeep\n|turn|17\n|inactive|Goniochromism has 270 seconds left.\n|inactive|DripLegend has 270 seconds left.\n|\n|t:|1791134890\n|move|p1a: Garchomp|Swords Dance|p1a: Garchomp\n|-boost|p1a: Garchomp|atk|2\n|move|p2a: Tyranitar|Ice Punch|p1a: Garchomp\n|-supereffective|p1a: Garchomp\n|-damage|p1a: Garchomp|0 fnt\n|-damage|p2a: Tyranitar|76/100|[from] ability: Rough Skin|[of] p1a: Garchomp\n|faint|p1a: Garchomp\n|\n|-weather|none\n|-heal|p2a: Tyranitar|82/100|[from] Grassy Terrain\n|-heal|p2a: Tyranitar|88/100|[from] item: Leftovers\n|upkeep\n|\n|t:|1791134895\n|switch|p1a: Blaziken|Blaziken, M|100/100\n|turn|18\n|\n|t:|1791134908\n|move|p1a: Blaziken|Swords Dance|p1a: Blaziken\n|-boost|p1a: Blaziken|atk|2\n|move|p2a: Tyranitar|Stone Edge|p1a: Blaziken\n|-damage|p1a: Blaziken|8/100\n|\n|-heal|p1a: Blaziken|14/100|[from] Grassy Terrain\n|-heal|p1a: Blaziken|20/100|[from] item: Leftovers\n|-heal|p2a: Tyranitar|94/100|[from] Grassy Terrain\n|-heal|p2a: Tyranitar|100/100|[from] item: Leftovers\n|-ability|p1a: Blaziken|Speed Boost|boost\n|-boost|p1a: Blaziken|spe|1\n|upkeep\n|turn|19\n|inactive|DripLegend has 270 seconds left.\n|\n|t:|1791134929\n|switch|p2a: Excadrill|Excadrill, M|16/100\n|-damage|p2a: Excadrill|13/100|[from] Stealth Rock\n|move|p1a: Blaziken|Close Combat|p2a: Excadrill\n|-supereffective|p2a: Excadrill\n|-damage|p2a: Excadrill|0 fnt\n|-unboost|p1a: Blaziken|def|1\n|-unboost|p1a: Blaziken|spd|1\n|faint|p2a: Excadrill\n|\n|-heal|p1a: Blaziken|26/100|[from] Grassy Terrain\n|-heal|p1a: Blaziken|32/100|[from] item: Leftovers\n|-fieldend|move: Grassy Terrain\n|-ability|p1a: Blaziken|Speed Boost|boost\n|-boost|p1a: Blaziken|spe|1\n|upkeep\n|\n|t:|1791134931\n|switch|p2a: Slowbro|Slowbro, F|65/100\n|-damage|p2a: Slowbro|53/100|[from] Stealth Rock\n|turn|20\n|inactive|DripLegend has 270 seconds left.\n|\n|t:|1791134947\n|switch|p1a: Dragapult|Dragapult, F|100/100\n|move|p2a: Slowbro|Scald|p1a: Dragapult\n|-resisted|p1a: Dragapult\n|-damage|p1a: Dragapult|82/100\n|-status|p1a: Dragapult|brn\n|\n|-damage|p1a: Dragapult|76/100 brn|[from] brn\n|upkeep\n|turn|21\n|\n|t:|1791134963\n|switch|p2a: Tornadus|Tornadus-Therian, M|76/100 brn\n|move|p1a: Dragapult|Dragon Dance|p1a: Dragapult\n|-boost|p1a: Dragapult|atk|1\n|-boost|p1a: Dragapult|spe|1\n|\n|-damage|p1a: Dragapult|70/100 brn|[from] brn\n|-damage|p2a: Tornadus|70/100 brn|[from] brn\n|upkeep\n|turn|22\n|\n|t:|1791134982\n|move|p1a: Dragapult|Dragon Dance|p1a: Dragapult\n|-boost|p1a: Dragapult|atk|1\n|-boost|p1a: Dragapult|spe|1\n|move|p2a: Tornadus|U-turn|p1a: Dragapult\n|-resisted|p1a: Dragapult\n|-damage|p1a: Dragapult|64/100 brn\n|\n|t:|1791134984\n|switch|p2a: Tyranitar|Tyranitar, F|100/100|[from] U-turn\n|-damage|p2a: Tyranitar|88/100|[from] Stealth Rock\n|-weather|Sandstorm|[from] ability: Sand Stream|[of] p2a: Tyranitar\n|\n|-weather|Sandstorm|[upkeep]\n|-damage|p1a: Dragapult|58/100 brn|[from] Sandstorm\n|-heal|p2a: Tyranitar|94/100|[from] item: Leftovers\n|-damage|p1a: Dragapult|52/100 brn|[from] brn\n|upkeep\n|turn|23\n|\n|t:|1791134993\n|move|p1a: Dragapult|Dragon Darts|p2a: Tyranitar\n|-damage|p2a: Tyranitar|64/100\n|-anim|p1a: Dragapult|Dragon Darts|p2a: Tyranitar\n|-damage|p2a: Tyranitar|34/100\n|-damage|p1a: Dragapult|42/100 brn|[from] item: Life Orb\n|move|p2a: Tyranitar|Crunch|p1a: Dragapult\n|-supereffective|p1a: Dragapult\n|-damage|p1a: Dragapult|0 fnt\n|faint|p1a: Dragapult\n|\n|-weather|Sandstorm|[upkeep]\n|-heal|p2a: Tyranitar|40/100|[from] item: Leftovers\n|upkeep\n|\n|t:|1791134996\n|switch|p1a: Blaziken|Blaziken, M|32/100\n|turn|24\n|\n|t:|1791135003\n|move|p1a: Blaziken|Swords Dance|p1a: Blaziken\n|-boost|p1a: Blaziken|atk|2\n|move|p2a: Tyranitar|Crunch|p1a: Blaziken\n|-resisted|p1a: Blaziken\n|-damage|p1a: Blaziken|0 fnt\n|faint|p1a: Blaziken\n|\n|-weather|Sandstorm|[upkeep]\n|-heal|p2a: Tyranitar|47/100|[from] item: Leftovers\n|upkeep\n|\n|t:|1791135007\n|switch|p1a: Rillaboom|Rillaboom, F|10/100\n|-fieldstart|move: Grassy Terrain|[from] ability: Grassy Surge|[of] p1a: Rillaboom\n|turn|25\n|c|\u2606DripLegend|gg\n|\n|t:|1791135010\n|move|p1a: Rillaboom|Superpower|p2a: Tyranitar\n|-supereffective|p2a: Tyranitar\n|-damage|p2a: Tyranitar|0 fnt\n|-unboost|p1a: Rillaboom|atk|1\n|-unboost|p1a: Rillaboom|def|1\n|faint|p2a: Tyranitar\n|-damage|p1a: Rillaboom|0 fnt|[from] item: Life Orb\n|faint|p1a: Rillaboom\n|\n|win|Goniochromism\n|c|\u2606Goniochromism|gg sry about burn\n|c|\u2606DripLegend|np\n|player|p1|\n", "uploadtime": 1791135010, "views": "98", "formatid": "gen8ou", "rating": null, "private": 0, "password": null}