{"id": "smogtours-gen8ou-976202", "format": "[Gen 8] OU", "players": ["Patatex", "takingnoteskinda"], "log": "|inactive|Battle timer is ON: inactive players will automatically lose when time's up.\n|t:|1791046864\n|gametype|singles\n|player|p1|Patatex|#scl6spartans|\n|player|p2|takingnoteskinda|#wcop2026latinamerica|\n|gen|8\n|tier|[Gen 8] OU\n|rule|HP Percentage Mod: HP is shown in percentages\n|rule|Endless Battle Clause: Forcing endless battles is banned\n|rule|Sleep Clause Mod: Limit one foe put to sleep\n|rule|Species Clause: Limit one of each Pok\u00e9mon\n|rule|OHKO Clause: OHKO moves are banned\n|rule|Evasion Items Clause: Evasion items are banned\n|rule|Evasion Moves Clause: Evasion moves are banned\n|rule|Dynamax Clause: You cannot dynamax\n|clearpoke\n|poke|p1|Tapu Lele|\n|poke|p1|Kartana|\n|poke|p1|Garchomp, M|\n|poke|p1|Clefable, F|\n|poke|p1|Ferrothorn, F|\n|poke|p1|Zapdos|\n|poke|p2|Blaziken, F|\n|poke|p2|Landorus-Therian, M|\n|poke|p2|Heatran, M|\n|poke|p2|Slowbro, F|\n|poke|p2|Weavile, F|\n|poke|p2|Kartana|\n|teampreview\n|c|\u2606takingnoteskinda|hf\n|c|\u2606Patatex|hf\n|inactive|Patatex has 270 seconds left.\n|inactive|takingnoteskinda has 270 seconds left.\n|\n|t:|1791046911\n|teamsize|p1|6\n|teamsize|p2|6\n|start\n|switch|p1a: Clefable|Clefable, F|100/100\n|switch|p2a: Heatran|Heatran, M|100/100\n|turn|1\n|\n|t:|1791046932\n|move|p2a: Heatran|Magma Storm|p1a: Clefable|[miss]\n|-miss|p2a: Heatran|p1a: Clefable\n|move|p1a: Clefable|Stealth Rock|p2a: Heatran\n|-sidestart|p2: takingnoteskinda|move: Stealth Rock\n|\n|upkeep\n|turn|2\n|\n|t:|1791046940\n|switch|p1a: Garchomp|Garchomp, M|100/100\n|move|p2a: Heatran|Stealth Rock|p1a: Garchomp\n|-sidestart|p1: Patatex|move: Stealth Rock\n|\n|upkeep\n|turn|3\n|\n|t:|1791046952\n|switch|p2a: Landorus|Landorus-Therian, M|100/100\n|-damage|p2a: Landorus|88/100|[from] Stealth Rock\n|-ability|p2a: Landorus|Intimidate|boost\n|-unboost|p1a: Garchomp|atk|1\n|move|p1a: Garchomp|Swords Dance|p1a: Garchomp\n|-boost|p1a: Garchomp|atk|2\n|\n|-heal|p2a: Landorus|94/100|[from] item: Leftovers\n|upkeep\n|turn|4\n|\n|t:|1791046965\n|switch|p2a: Slowbro|Slowbro, F|100/100\n|move|p1a: Garchomp|Scale Shot|p2a: Slowbro\n|-damage|p2a: Slowbro|86/100\n|-damage|p2a: Slowbro|71/100\n|-hitcount|p2a: Slowbro|2\n|-unboost|p1a: Garchomp|def|1\n|-boost|p1a: Garchomp|spe|1\n|\n|upkeep\n|turn|5\n|inactive|Patatex has 270 seconds left.\n|\n|t:|1791047006\n|switch|p1a: Zapdos|Zapdos|100/100\n|move|p2a: Slowbro|Teleport|p2a: Slowbro\n|inactive|takingnoteskinda has 270 seconds left.\n|inactive|takingnoteskinda has 240 seconds left.\n|\n|t:|1791047051\n|switch|p2a: Weavile|Weavile, F|100/100|[from] Teleport\n|\n|upkeep\n|turn|6\n|inactive|Patatex has 270 seconds left.\n|\n|t:|1791047076\n|switch|p1a: Ferrothorn|Ferrothorn, F|100/100\n|-damage|p1a: Ferrothorn|94/100|[from] Stealth Rock\n|move|p2a: Weavile|Knock Off|p1a: Ferrothorn\n|-damage|p1a: Ferrothorn|58/100\n|-damage|p2a: Weavile|88/100|[from] ability: Iron Barbs|[of] p1a: Ferrothorn\n|-enditem|p1a: Ferrothorn|Leftovers|[from] move: Knock Off|[of] p2a: Weavile\n|\n|upkeep\n|turn|7\n|\n|t:|1791047094\n|switch|p2a: Slowbro|Slowbro, F|100/100\n|move|p1a: Ferrothorn|Leech Seed|p2a: Slowbro\n|-start|p2a: Slowbro|move: Leech Seed\n|\n|-damage|p2a: Slowbro|88/100|[from] Leech Seed|[of] p1a: Ferrothorn\n|-heal|p1a: Ferrothorn|72/100|[silent]\n|upkeep\n|turn|8\n|inactive|Patatex has 270 seconds left.\n|\n|t:|1791047100\n|move|p2a: Slowbro|Future Sight|p1a: Ferrothorn\n|-start|p2a: Slowbro|move: Future Sight\n|move|p1a: Ferrothorn|Knock Off|p2a: Slowbro\n|-supereffective|p2a: Slowbro\n|-damage|p2a: Slowbro|57/100\n|-enditem|p2a: Slowbro|Heavy-Duty Boots|[from] move: Knock Off|[of] p1a: Ferrothorn\n|\n|-damage|p2a: Slowbro|45/100|[from] Leech Seed|[of] p1a: Ferrothorn\n|-heal|p1a: Ferrothorn|86/100|[silent]\n|upkeep\n|turn|9\n|\n|t:|1791047106\n|move|p1a: Ferrothorn|Leech Seed|p2a: Slowbro|[miss]\n|-miss|p1a: Ferrothorn|p2a: Slowbro\n|move|p2a: Slowbro|Teleport|p2a: Slowbro\n|\n|t:|1791047110\n|switch|p2a: Blaziken|Blaziken, F|100/100|[from] Teleport\n|-damage|p2a: Blaziken|88/100|[from] Stealth Rock\n|\n|-heal|p2a: Blaziken|94/100|[from] item: Leftovers\n|upkeep\n|turn|10\n|\n|t:|1791047121\n|switch|p1a: Clefable|Clefable, F|100/100\n|move|p2a: Blaziken|Swords Dance|p2a: Blaziken\n|-boost|p2a: Blaziken|atk|2\n|\n|-end|p1a: Clefable|move: Future Sight\n|-damage|p1a: Clefable|59/100\n|-heal|p2a: Blaziken|99/100|[from] item: Leftovers\n|-heal|p1a: Clefable|65/100|[from] item: Leftovers\n|-ability|p2a: Blaziken|Speed Boost|boost\n|-boost|p2a: Blaziken|spe|1\n|upkeep\n|turn|11\n|\n|t:|1791047133\n|switch|p1a: Zapdos|Zapdos|100/100\n|move|p2a: Blaziken|Swords Dance|p2a: Blaziken\n|-boost|p2a: Blaziken|atk|2\n|\n|-heal|p2a: Blaziken|100/100|[from] item: Leftovers\n|-ability|p2a: Blaziken|Speed Boost|boost\n|-boost|p2a: Blaziken|spe|1\n|upkeep\n|turn|12\n|\n|t:|1791047139\n|move|p2a: Blaziken|Flare Blitz|p1a: Zapdos\n|-damage|p1a: Zapdos|0 fnt\n|faint|p1a: Zapdos\n|-damage|p2a: Blaziken|61/100|[from] Recoil\n|\n|-heal|p2a: Blaziken|67/100|[from] item: Leftovers\n|-ability|p2a: Blaziken|Speed Boost|boost\n|-boost|p2a: Blaziken|spe|1\n|upkeep\n|\n|t:|1791047149\n|switch|p1a: Garchomp|Garchomp, M|100/100\n|-damage|p1a: Garchomp|94/100|[from] Stealth Rock\n|turn|13\n|\n|t:|1791047154\n|switch|p1a: Ferrothorn|Ferrothorn, F|86/100\n|-damage|p1a: Ferrothorn|80/100|[from] Stealth Rock\n|move|p2a: Blaziken|Close Combat|p1a: Ferrothorn\n|-supereffective|p1a: Ferrothorn\n|-damage|p1a: Ferrothorn|0 fnt\n|-unboost|p2a: Blaziken|def|1\n|-unboost|p2a: Blaziken|spd|1\n|-damage|p2a: Blaziken|55/100|[from] ability: Iron Barbs|[of] p1a: Ferrothorn\n|faint|p1a: Ferrothorn\n|\n|-heal|p2a: Blaziken|61/100|[from] item: Leftovers\n|-ability|p2a: Blaziken|Speed Boost|boost\n|-boost|p2a: Blaziken|spe|1\n|upkeep\n|c|\u2606Patatex|ye this is assblasted by blazi anw\n|c|\u2606Patatex|should have acted\n|c|\u2606Patatex|gg\n|c|\u2606takingnoteskinda|gg\n|-message|Patatex forfeited.\n|\n|win|takingnoteskinda\n|player|p1|\n", "uploadtime": 1791047169, "views": "26", "formatid": "gen8ou", "rating": null, "private": 0, "password": null}