{"id": "smogtours-gen8ou-975783", "format": "[Gen 8] OU", "players": ["betathunder", "brick"], "log": "|inactive|Battle timer is ON: inactive players will automatically lose when time's up.\n|t:|1790903150\n|gametype|singles\n|player|p1|betathunder|#agwliiikyogres|\n|player|p2|brick|#scl6dynamos2|\n|gen|8\n|tier|[Gen 8] OU\n|rule|HP Percentage Mod: HP is shown in percentages\n|rule|Endless Battle Clause: Forcing endless battles is banned\n|rule|Sleep Clause Mod: Limit one foe put to sleep\n|rule|Species Clause: Limit one of each Pok\u00e9mon\n|rule|OHKO Clause: OHKO moves are banned\n|rule|Evasion Items Clause: Evasion items are banned\n|rule|Evasion Moves Clause: Evasion moves are banned\n|rule|Dynamax Clause: You cannot dynamax\n|clearpoke\n|poke|p1|Tapu Koko|\n|poke|p1|Buzzwole|\n|poke|p1|Garchomp, F|\n|poke|p1|Tornadus-Therian, M|\n|poke|p1|Slowking, M|\n|poke|p1|Melmetal|\n|poke|p2|Tapu Lele|\n|poke|p2|Rillaboom, F|\n|poke|p2|Urshifu-*, F|\n|poke|p2|Landorus-Therian, M|\n|poke|p2|Melmetal|\n|poke|p2|Blaziken, F|\n|teampreview\n|c|\u2606betathunder|glhf\n|c|\u2606brick|hf\n|inactive|betathunder has 270 seconds left.\n|inactive|brick has 270 seconds left.\n|inactive|brick has 240 seconds left.\n|inactive|betathunder has 240 seconds left.\n|inactive|brick has 210 seconds left.\n|inactive|betathunder has 210 seconds left.\n|\n|t:|1790903263\n|teamsize|p1|6\n|teamsize|p2|6\n|start\n|switch|p1a: Buzzwole|Buzzwole|100/100\n|switch|p2a: Urshifu|Urshifu-Rapid-Strike, F|100/100\n|turn|1\n|inactive|betathunder has 240 seconds left.\n|\n|t:|1790903308\n|move|p2a: Urshifu|U-turn|p1a: Buzzwole\n|-resisted|p1a: Buzzwole\n|-damage|p1a: Buzzwole|88/100\n|\n|t:|1790903314\n|switch|p2a: Tapu Lele|Tapu Lele|100/100|[from] U-turn\n|-fieldstart|move: Psychic Terrain|[from] ability: Psychic Surge|[of] p2a: Tapu Lele\n|move|p1a: Buzzwole|Ice Punch|p2a: Tapu Lele\n|-damage|p2a: Tapu Lele|28/100\n|\n|upkeep\n|turn|2\n|inactive|brick has 240 seconds left.\n|\n|t:|1790903339\n|switch|p2a: Urshifu|Urshifu-Rapid-Strike, F|100/100\n|switch|p1a: Slowking|Slowking, M|100/100\n|\n|upkeep\n|turn|3\n|\n|t:|1790903353\n|move|p2a: Urshifu|U-turn|p1a: Slowking\n|-supereffective|p1a: Slowking\n|-damage|p1a: Slowking|23/100\n|\n|t:|1790903361\n|switch|p2a: Melmetal|Melmetal|100/100|[from] U-turn\n|move|p1a: Slowking|Future Sight|p2a: Melmetal\n|-start|p1a: Slowking|move: Future Sight\n|\n|upkeep\n|turn|4\n|\n|t:|1790903376\n|switch|p1a: Melmetal|Melmetal|100/100\n|move|p2a: Melmetal|Ice Punch|p1a: Melmetal\n|-resisted|p1a: Melmetal\n|-damage|p1a: Melmetal|90/100\n|\n|-heal|p1a: Melmetal|96/100|[from] item: Leftovers\n|upkeep\n|turn|5\n|\n|t:|1790903390\n|move|p2a: Melmetal|Superpower|p1a: Melmetal\n|-supereffective|p1a: Melmetal\n|-damage|p1a: Melmetal|37/100\n|-unboost|p2a: Melmetal|atk|1\n|-unboost|p2a: Melmetal|def|1\n|move|p1a: Melmetal|Earthquake|p2a: Melmetal\n|-supereffective|p2a: Melmetal\n|-damage|p2a: Melmetal|30/100\n|\n|-end|p2a: Melmetal|move: Future Sight\n|-resisted|p2a: Melmetal\n|-damage|p2a: Melmetal|15/100\n|-heal|p1a: Melmetal|43/100|[from] item: Leftovers\n|-fieldend|move: Psychic Terrain\n|upkeep\n|turn|6\n|inactive|brick has 240 seconds left.\n|\n|t:|1790903414\n|switch|p2a: Urshifu|Urshifu-Rapid-Strike, F|100/100\n|move|p1a: Melmetal|Double Iron Bash|p2a: Urshifu\n|-resisted|p2a: Urshifu\n|-damage|p2a: Urshifu|79/100\n|-resisted|p2a: Urshifu\n|-damage|p2a: Urshifu|57/100\n|-hitcount|p2a: Urshifu|2\n|\n|-heal|p1a: Melmetal|49/100|[from] item: Leftovers\n|upkeep\n|turn|7\n|inactive|brick has 240 seconds left.\n|\n|t:|1790903430\n|switch|p1a: Tornadus|Tornadus-Therian, M|100/100\n|move|p2a: Urshifu|Surging Strikes|p1a: Tornadus\n|-crit|p1a: Tornadus\n|-damage|p1a: Tornadus|69/100\n|-crit|p1a: Tornadus\n|-damage|p1a: Tornadus|38/100\n|-crit|p1a: Tornadus\n|-damage|p1a: Tornadus|8/100\n|-hitcount|p1a: Tornadus|3\n|\n|upkeep\n|turn|8\n|inactive|brick has 240 seconds left.\n|\n|t:|1790903459\n|switch|p2a: Melmetal|Melmetal|15/100\n|move|p1a: Tornadus|U-turn|p2a: Melmetal\n|-resisted|p2a: Melmetal\n|-damage|p2a: Melmetal|11/100\n|\n|t:|1790903477\n|switch|p1a: Garchomp|Garchomp, F|100/100|[from] U-turn\n|\n|upkeep\n|turn|9\n|\n|t:|1790903487\n|switch|p2a: Landorus|Landorus-Therian, M|100/100\n|-ability|p2a: Landorus|Intimidate|boost\n|-unboost|p1a: Garchomp|atk|1\n|move|p1a: Garchomp|Earthquake|p2a: Landorus\n|-immune|p2a: Landorus\n|\n|upkeep\n|turn|10\n|inactive|betathunder has 240 seconds left.\n|\n|t:|1790903507\n|switch|p1a: Tornadus|Tornadus-Therian, M|41/100\n|move|p2a: Landorus|Stealth Rock|p1a: Tornadus\n|-sidestart|p1: betathunder|move: Stealth Rock\n|\n|upkeep\n|turn|11\n|\n|t:|1790903512\n|move|p1a: Tornadus|Defog|p2a: Landorus\n|-unboost|p2a: Landorus|evasion|1\n|-sideend|p1: betathunder|Stealth Rock|[from] move: Defog|[of] p1a: Tornadus\n|move|p2a: Landorus|U-turn|p1a: Tornadus\n|-resisted|p1a: Tornadus\n|-damage|p1a: Tornadus|27/100\n|\n|t:|1790903530\n|switch|p2a: Tapu Lele|Tapu Lele|28/100|[from] U-turn\n|-fieldstart|move: Psychic Terrain|[from] ability: Psychic Surge|[of] p2a: Tapu Lele\n|\n|upkeep\n|turn|12\n|\n|t:|1790903548\n|switch|p2a: Urshifu|Urshifu-Rapid-Strike, F|57/100\n|switch|p1a: Melmetal|Melmetal|49/100\n|\n|-heal|p1a: Melmetal|55/100|[from] item: Leftovers\n|upkeep\n|turn|13\n|inactive|betathunder has 240 seconds left.\n|\n|t:|1790903568\n|move|p2a: Urshifu|Close Combat|p1a: Melmetal\n|-supereffective|p1a: Melmetal\n|-damage|p1a: Melmetal|0 fnt\n|-unboost|p2a: Urshifu|def|1\n|-unboost|p2a: Urshifu|spd|1\n|faint|p1a: Melmetal\n|\n|upkeep\n|\n|t:|1790903585\n|switch|p1a: Slowking|Slowking, M|57/100\n|turn|14\n|inactive|brick has 210 seconds left.\n|\n|t:|1790903608\n|switch|p2a: Melmetal|Melmetal|11/100\n|move|p1a: Slowking|Future Sight|p2a: Melmetal\n|-start|p1a: Slowking|move: Future Sight\n|\n|upkeep\n|turn|15\n|inactive|betathunder has 240 seconds left.\n|\n|t:|1790903616\n|switch|p1a: Buzzwole|Buzzwole|88/100\n|move|p2a: Melmetal|Thunder Punch|p1a: Buzzwole\n|-damage|p1a: Buzzwole|62/100\n|\n|-fieldend|move: Psychic Terrain\n|upkeep\n|turn|16\n|\n|t:|1790903624\n|move|p1a: Buzzwole|Ice Punch|p2a: Melmetal\n|-resisted|p2a: Melmetal\n|-damage|p2a: Melmetal|0 fnt\n|faint|p2a: Melmetal\n|-ability|p1a: Buzzwole|Beast Boost|boost\n|-boost|p1a: Buzzwole|atk|1\n|\n|-hint|Future Sight did not hit because the target is fainted.\n|upkeep\n|inactive|brick has 210 seconds left.\n|\n|t:|1790903656\n|switch|p2a: Blaziken|Blaziken, F|100/100\n|turn|17\n|\n|t:|1790903668\n|switch|p1a: Garchomp|Garchomp, F|100/100\n|move|p2a: Blaziken|Swords Dance|p2a: Blaziken\n|-boost|p2a: Blaziken|atk|2\n|\n|-ability|p2a: Blaziken|Speed Boost|boost\n|-boost|p2a: Blaziken|spe|1\n|upkeep\n|turn|18\n|\n|t:|1790903687\n|move|p2a: Blaziken|Close Combat|p1a: Garchomp\n|-damage|p1a: Garchomp|0 fnt\n|-unboost|p2a: Blaziken|def|1\n|-unboost|p2a: Blaziken|spd|1\n|-damage|p2a: Blaziken|88/100|[from] ability: Rough Skin|[of] p1a: Garchomp\n|faint|p1a: Garchomp\n|-damage|p2a: Blaziken|78/100|[from] item: Life Orb\n|\n|-ability|p2a: Blaziken|Speed Boost|boost\n|-boost|p2a: Blaziken|spe|1\n|upkeep\n|\n|t:|1790903698\n|switch|p1a: Slowking|Slowking, M|90/100\n|turn|19\n|\n|t:|1790903704\n|move|p2a: Blaziken|Thunder Punch|p1a: Slowking\n|-supereffective|p1a: Slowking\n|-damage|p1a: Slowking|0 fnt\n|faint|p1a: Slowking\n|-damage|p2a: Blaziken|68/100|[from] item: Life Orb\n|\n|-ability|p2a: Blaziken|Speed Boost|boost\n|-boost|p2a: Blaziken|spe|1\n|upkeep\n|\n|t:|1790903715\n|switch|p1a: Buzzwole|Buzzwole|62/100\n|turn|20\n|inactive|brick has 210 seconds left.\n|\n|t:|1790903739\n|move|p2a: Blaziken|Flare Blitz|p1a: Buzzwole\n|-supereffective|p1a: Buzzwole\n|-damage|p1a: Buzzwole|0 fnt\n|faint|p1a: Buzzwole\n|-damage|p2a: Blaziken|44/100|[from] Recoil\n|-damage|p2a: Blaziken|34/100|[from] item: Life Orb\n|\n|-ability|p2a: Blaziken|Speed Boost|boost\n|-boost|p2a: Blaziken|spe|1\n|upkeep\n|c|\u2606betathunder|gg\n|-message|betathunder forfeited.\n|\n|win|brick\n", "uploadtime": 1790903743, "views": "195", "formatid": "gen8ou", "rating": null, "private": 0, "password": null}