{"id": "smogtours-gen8ou-976267", "format": "[Gen 8] OU", "players": ["SKE", "shatoor0"], "log": "|inactive|Battle timer is ON: inactive players will automatically lose when time's up.\n|t:|1791051935\n|gametype|singles\n|player|p1|SKE|lucas|\n|player|p2|shatoor0|dawn|\n|gen|8\n|tier|[Gen 8] OU\n|rule|HP Percentage Mod: HP is shown in percentages\n|rule|Endless Battle Clause: Forcing endless battles is banned\n|rule|Sleep Clause Mod: Limit one foe put to sleep\n|rule|Species Clause: Limit one of each Pok\u00e9mon\n|rule|OHKO Clause: OHKO moves are banned\n|rule|Evasion Items Clause: Evasion items are banned\n|rule|Evasion Moves Clause: Evasion moves are banned\n|rule|Dynamax Clause: You cannot dynamax\n|clearpoke\n|poke|p1|Pelipper, F|\n|poke|p1|Ferrothorn, F|\n|poke|p1|Crawdaunt, M|\n|poke|p1|Zapdos|\n|poke|p1|Barraskewda, F|\n|poke|p1|Tornadus-Therian, M|\n|poke|p2|Tapu Lele|\n|poke|p2|Victini|\n|poke|p2|Landorus-Therian, M|\n|poke|p2|Kartana|\n|poke|p2|Melmetal|\n|poke|p2|Dragapult, M|\n|teampreview\n|c|\u2606shatoor0|hf\n|c|\u2606SKE|Hf\n|inactive|shatoor0 has 270 seconds left.\n|inactive|shatoor0 has 240 seconds left.\n|\n|t:|1791052019\n|teamsize|p1|6\n|teamsize|p2|6\n|start\n|switch|p1a: Pelipper|Pelipper, F|100/100\n|switch|p2a: Dragapult|Dragapult, M|100/100\n|-weather|RainDance|[from] ability: Drizzle|[of] p1a: Pelipper\n|turn|1\n|\n|t:|1791052028\n|switch|p1a: Ferrothorn|Ferrothorn, F|100/100\n|move|p2a: Dragapult|Shadow Ball|p1a: Ferrothorn\n|-damage|p1a: Ferrothorn|70/100\n|-enditem|p1a: Ferrothorn|Eject Button\n|\n|t:|1791052036\n|switch|p1a: Barraskewda|Barraskewda, F|100/100\n|\n|-weather|RainDance|[upkeep]\n|upkeep\n|turn|2\n|\n|t:|1791052058\n|move|p1a: Barraskewda|Flip Turn|p2a: Dragapult\n|-resisted|p2a: Dragapult\n|-damage|p2a: Dragapult|47/100\n|\n|t:|1791052067\n|switch|p1a: Crawdaunt|Crawdaunt, M|100/100|[from] Flip Turn\n|move|p2a: Dragapult|Shadow Ball|p1a: Crawdaunt\n|-resisted|p1a: Crawdaunt\n|-damage|p1a: Crawdaunt|47/100\n|\n|-weather|RainDance|[upkeep]\n|upkeep\n|turn|3\n|inactive|shatoor0 has 270 seconds left.\n|\n|t:|1791052098\n|switch|p1a: Ferrothorn|Ferrothorn, F|70/100\n|move|p2a: Dragapult|Shadow Ball|p1a: Ferrothorn\n|-damage|p1a: Ferrothorn|39/100\n|-unboost|p1a: Ferrothorn|spd|1\n|\n|-weather|RainDance|[upkeep]\n|upkeep\n|turn|4\n|inactive|shatoor0 has 270 seconds left.\n|\n|t:|1791052104\n|move|p2a: Dragapult|Shadow Ball|p1a: Ferrothorn\n|-damage|p1a: Ferrothorn|0 fnt\n|faint|p1a: Ferrothorn\n|\n|-weather|RainDance|[upkeep]\n|upkeep\n|\n|t:|1791052106\n|switch|p1a: Barraskewda|Barraskewda, F|100/100\n|turn|5\n|inactive|shatoor0 has 270 seconds left.\n|inactive|shatoor0 has 240 seconds left.\n|\n|t:|1791052155\n|switch|p2a: Victini|Victini|100/100\n|move|p1a: Barraskewda|Flip Turn|p2a: Victini\n|-supereffective|p2a: Victini\n|-damage|p2a: Victini|0 fnt\n|faint|p2a: Victini\n|\n|t:|1791052159\n|switch|p1a: Tornadus|Tornadus-Therian, M|100/100|[from] Flip Turn\n|\n|-weather|RainDance|[upkeep]\n|upkeep\n|inactive|shatoor0 has 240 seconds left.\n|\n|t:|1791052173\n|switch|p2a: Tapu Lele|Tapu Lele|100/100\n|-fieldstart|move: Psychic Terrain|[from] ability: Psychic Surge|[of] p2a: Tapu Lele\n|turn|6\n|inactive|shatoor0 has 240 seconds left.\n|\n|t:|1791052183\n|move|p1a: Tornadus|Hurricane|p2a: Tapu Lele\n|-damage|p2a: Tapu Lele|16/100\n|move|p2a: Tapu Lele|Psyshock|p1a: Tornadus\n|-crit|p1a: Tornadus\n|-damage|p1a: Tornadus|0 fnt\n|faint|p1a: Tornadus\n|\n|-weather|RainDance|[upkeep]\n|upkeep\n|\n|t:|1791052190\n|switch|p1a: Barraskewda|Barraskewda, F|100/100\n|turn|7\n|inactive|shatoor0 has 240 seconds left.\n|\n|t:|1791052225\n|switch|p2a: Landorus|Landorus-Therian, M|100/100\n|-ability|p2a: Landorus|Intimidate|boost\n|-unboost|p1a: Barraskewda|atk|1\n|move|p1a: Barraskewda|Flip Turn|p2a: Landorus\n|-supereffective|p2a: Landorus\n|-damage|p2a: Landorus|8/100\n|\n|t:|1791052232\n|switch|p1a: Crawdaunt|Crawdaunt, M|47/100|[from] Flip Turn\n|\n|-weather|RainDance|[upkeep]\n|upkeep\n|turn|8\n|inactive|shatoor0 has 210 seconds left.\n|\n|t:|1791052257\n|move|p1a: Crawdaunt|Aqua Jet|p2a: Landorus\n|-hint|Psychic Terrain doesn't affect airborne Pok\u00e9mon.\n|-supereffective|p2a: Landorus\n|-damage|p2a: Landorus|0 fnt\n|faint|p2a: Landorus\n|-damage|p1a: Crawdaunt|37/100|[from] item: Life Orb\n|\n|-weather|none\n|upkeep\n|inactive|shatoor0 has 210 seconds left.\n|\n|t:|1791052272\n|switch|p2a: Tapu Lele|Tapu Lele|16/100\n|turn|9\n|\n|t:|1791052282\n|switch|p1a: Pelipper|Pelipper, F|100/100\n|-weather|RainDance|[from] ability: Drizzle|[of] p1a: Pelipper\n|move|p2a: Tapu Lele|Moonblast|p1a: Pelipper\n|-damage|p1a: Pelipper|0 fnt\n|faint|p1a: Pelipper\n|\n|-weather|RainDance|[upkeep]\n|upkeep\n|\n|t:|1791052286\n|switch|p1a: Barraskewda|Barraskewda, F|100/100\n|turn|10\n|\n|t:|1791052295\n|move|p1a: Barraskewda|Liquidation|p2a: Tapu Lele\n|-damage|p2a: Tapu Lele|0 fnt\n|faint|p2a: Tapu Lele\n|\n|-weather|RainDance|[upkeep]\n|-fieldend|move: Psychic Terrain\n|upkeep\n|\n|t:|1791052299\n|switch|p2a: Kartana|Kartana|100/100\n|turn|11\n|\n|t:|1791052316\n|switch|p1a: Zapdos|Zapdos|100/100\n|move|p2a: Kartana|Knock Off|p1a: Zapdos\n|-damage|p1a: Zapdos|70/100\n|-status|p2a: Kartana|par|[from] ability: Static|[of] p1a: Zapdos\n|-enditem|p1a: Zapdos|Heavy-Duty Boots|[from] move: Knock Off|[of] p2a: Kartana\n|\n|-weather|RainDance|[upkeep]\n|upkeep\n|turn|12\n|inactive|shatoor0 has 240 seconds left.\n|\n|t:|1791052336\n|cant|p2a: Kartana|par\n|move|p1a: Zapdos|U-turn|p2a: Kartana\n|-damage|p2a: Kartana|85/100 par\n|\n|t:|1791052345\n|switch|p1a: Crawdaunt|Crawdaunt, M|37/100|[from] U-turn\n|\n|-weather|RainDance|[upkeep]\n|upkeep\n|turn|13\n|\n|t:|1791052347\n|cant|p2a: Kartana|par\n|move|p1a: Crawdaunt|Knock Off|p2a: Kartana\n|-damage|p2a: Kartana|0 fnt\n|-enditem|p2a: Kartana|Choice Scarf|[from] move: Knock Off|[of] p1a: Crawdaunt\n|faint|p2a: Kartana\n|-damage|p1a: Crawdaunt|27/100|[from] item: Life Orb\n|\n|-weather|RainDance|[upkeep]\n|upkeep\n|inactive|shatoor0 has 240 seconds left.\n|\n|t:|1791052354\n|switch|p2a: Dragapult|Dragapult, M|47/100\n|turn|14\n|\n|t:|1791052358\n|move|p1a: Crawdaunt|Aqua Jet|p2a: Dragapult\n|-resisted|p2a: Dragapult\n|-damage|p2a: Dragapult|6/100\n|-damage|p1a: Crawdaunt|18/100|[from] item: Life Orb\n|move|p2a: Dragapult|U-turn|p1a: Crawdaunt\n|-supereffective|p1a: Crawdaunt\n|-damage|p1a: Crawdaunt|0 fnt\n|faint|p1a: Crawdaunt\n|\n|t:|1791052361\n|switch|p2a: Melmetal|Melmetal|100/100|[from] U-turn\n|\n|-weather|RainDance|[upkeep]\n|upkeep\n|\n|t:|1791052366\n|switch|p1a: Barraskewda|Barraskewda, F|100/100\n|turn|15\n|\n|t:|1791052383\n|move|p1a: Barraskewda|Flip Turn|p2a: Melmetal\n|-damage|p2a: Melmetal|64/100\n|\n|t:|1791052385\n|switch|p1a: Zapdos|Zapdos|70/100|[from] Flip Turn\n|move|p2a: Melmetal|Double Iron Bash|p1a: Zapdos\n|-resisted|p1a: Zapdos\n|-damage|p1a: Zapdos|53/100\n|-resisted|p1a: Zapdos\n|-damage|p1a: Zapdos|38/100\n|-hitcount|p1a: Zapdos|2\n|\n|-weather|RainDance|[upkeep]\n|upkeep\n|turn|16\n|\n|t:|1791052391\n|move|p1a: Zapdos|Roost|p1a: Zapdos\n|-heal|p1a: Zapdos|88/100\n|-singleturn|p1a: Zapdos|move: Roost\n|move|p2a: Melmetal|Earthquake|p1a: Zapdos\n|-supereffective|p1a: Zapdos\n|-damage|p1a: Zapdos|32/100\n|\n|-weather|none\n|upkeep\n|turn|17\n|inactive|shatoor0 has 270 seconds left.\n|\n|t:|1791052407\n|move|p1a: Zapdos|Roost|p1a: Zapdos\n|-heal|p1a: Zapdos|82/100\n|-singleturn|p1a: Zapdos|move: Roost\n|move|p2a: Melmetal|Double Iron Bash|p1a: Zapdos\n|-resisted|p1a: Zapdos\n|-damage|p1a: Zapdos|65/100\n|-resisted|p1a: Zapdos\n|-damage|p1a: Zapdos|49/100\n|-hitcount|p1a: Zapdos|2\n|\n|upkeep\n|turn|18\n|inactive|shatoor0 has 270 seconds left.\n|\n|t:|1791052419\n|move|p1a: Zapdos|Hurricane|p2a: Melmetal|[miss]\n|-miss|p1a: Zapdos|p2a: Melmetal\n|move|p2a: Melmetal|Earthquake|p1a: Zapdos\n|-immune|p1a: Zapdos\n|\n|upkeep\n|turn|19\n|inactive|shatoor0 has 270 seconds left.\n|\n|t:|1791052425\n|move|p1a: Zapdos|Hurricane|p2a: Melmetal|[miss]\n|-miss|p1a: Zapdos|p2a: Melmetal\n|move|p2a: Melmetal|Double Iron Bash|p1a: Zapdos\n|-resisted|p1a: Zapdos\n|-damage|p1a: Zapdos|32/100\n|-resisted|p1a: Zapdos\n|-damage|p1a: Zapdos|15/100\n|-hitcount|p1a: Zapdos|2\n|\n|upkeep\n|turn|20\n|inactive|shatoor0 has 270 seconds left.\n|\n|t:|1791052447\n|move|p1a: Zapdos|Roost|p1a: Zapdos\n|-heal|p1a: Zapdos|65/100\n|-singleturn|p1a: Zapdos|move: Roost\n|move|p2a: Melmetal|Earthquake|p1a: Zapdos\n|-supereffective|p1a: Zapdos\n|-damage|p1a: Zapdos|3/100\n|\n|upkeep\n|turn|21\n|inactive|shatoor0 has 270 seconds left.\n|\n|t:|1791052460\n|move|p1a: Zapdos|Hurricane|p2a: Melmetal\n|-resisted|p2a: Melmetal\n|-damage|p2a: Melmetal|48/100\n|-start|p2a: Melmetal|confusion\n|-activate|p2a: Melmetal|confusion\n|-damage|p2a: Melmetal|39/100|[from] confusion\n|\n|upkeep\n|turn|22\n|\n|t:|1791052471\n|switch|p1a: Barraskewda|Barraskewda, F|100/100\n|-end|p2a: Melmetal|confusion\n|move|p2a: Melmetal|Earthquake|p1a: Barraskewda\n|-damage|p1a: Barraskewda|24/100\n|\n|upkeep\n|turn|23\n|\n|t:|1791052485\n|move|p1a: Barraskewda|Close Combat|p2a: Melmetal\n|-supereffective|p2a: Melmetal\n|-damage|p2a: Melmetal|0 fnt\n|-unboost|p1a: Barraskewda|def|1\n|-unboost|p1a: Barraskewda|spd|1\n|faint|p2a: Melmetal\n|\n|upkeep\n|\n|t:|1791052488\n|switch|p2a: Dragapult|Dragapult, M|6/100\n|turn|24\n|\n|t:|1791052490\n|switch|p1a: Zapdos|Zapdos|3/100\n|move|p2a: Dragapult|Shadow Ball|p1a: Zapdos\n|-damage|p1a: Zapdos|0 fnt\n|faint|p1a: Zapdos\n|\n|upkeep\n|\n|t:|1791052491\n|switch|p1a: Barraskewda|Barraskewda, F|24/100\n|turn|25\n|c|\u2606SKE|gg\n|c|\u2606shatoor0|gg\n|\n|t:|1791052499\n|move|p1a: Barraskewda|Aqua Jet|p2a: Dragapult\n|-resisted|p2a: Dragapult\n|-damage|p2a: Dragapult|0 fnt\n|faint|p2a: Dragapult\n|\n|win|SKE\n", "uploadtime": 1791052499, "views": "58", "formatid": "gen8ou", "rating": null, "private": 0, "password": null}