{"id": "smogtours-gen8ou-976627", "format": "[Gen 8] OU", "players": ["SBPC", "Mimikyu Stardust"], "log": "|inactive|Battle timer is ON: inactive players will automatically lose when time's up.\n|t:|1791126766\n|gametype|singles\n|player|p1|SBPC|#orasplvidarkrais|\n|player|p2|Mimikyu Stardust|#scl6gible2|\n|gen|8\n|tier|[Gen 8] OU\n|rule|HP Percentage Mod: HP is shown in percentages\n|rule|Endless Battle Clause: Forcing endless battles is banned\n|rule|Sleep Clause Mod: Limit one foe put to sleep\n|rule|Species Clause: Limit one of each Pok\u00e9mon\n|rule|OHKO Clause: OHKO moves are banned\n|rule|Evasion Items Clause: Evasion items are banned\n|rule|Evasion Moves Clause: Evasion moves are banned\n|rule|Dynamax Clause: You cannot dynamax\n|clearpoke\n|poke|p1|Buzzwole|\n|poke|p1|Rotom-Wash|\n|poke|p1|Landorus-Therian, M|\n|poke|p1|Blacephalon|\n|poke|p1|Heatran, F|\n|poke|p1|Dragapult, M|\n|poke|p2|Mew|\n|poke|p2|Weavile, M|\n|poke|p2|Celesteela|\n|poke|p2|Garchomp, F|\n|poke|p2|Blacephalon|\n|poke|p2|Crawdaunt, M|\n|teampreview\n|c|\u2606Mimikyu Stardust|hf\n|c|\u2606SBPC|hf\n|\n|t:|1791126792\n|teamsize|p1|6\n|teamsize|p2|6\n|start\n|switch|p1a: Rotom|Rotom-Wash|100/100\n|switch|p2a: Elfilin|Mew, shiny|100/100\n|turn|1\n|\n|t:|1791126798\n|move|p2a: Elfilin|Stealth Rock|p1a: Rotom\n|-sidestart|p1: SBPC|move: Stealth Rock\n|move|p1a: Rotom|Volt Switch|p2a: Elfilin\n|-damage|p2a: Elfilin|74/100\n|\n|t:|1791126810\n|switch|p1a: Dragapult|Dragapult, M|100/100|[from] Volt Switch\n|-damage|p1a: Dragapult|88/100|[from] Stealth Rock\n|\n|upkeep\n|turn|2\n|\n|t:|1791126818\n|move|p1a: Dragapult|Shadow Ball|p2a: Elfilin\n|-supereffective|p2a: Elfilin\n|-damage|p2a: Elfilin|0 fnt\n|faint|p2a: Elfilin\n|\n|upkeep\n|\n|t:|1791126823\n|switch|p2a: halaljew|Crawdaunt, M, shiny|100/100\n|turn|3\n|inactive|SBPC has 270 seconds left.\n|\n|t:|1791126864\n|move|p1a: Dragapult|Thunderbolt|p2a: halaljew\n|-supereffective|p2a: halaljew\n|-damage|p2a: halaljew|0 fnt\n|faint|p2a: halaljew\n|\n|upkeep\n|\n|t:|1791126868\n|switch|p2a: Moon of SOUL|Blacephalon, shiny|100/100\n|turn|4\n|inactive|SBPC has 270 seconds left.\n|\n|t:|1791126873\n|switch|p1a: Heatran|Heatran, F|100/100\n|-damage|p1a: Heatran|88/100|[from] Stealth Rock\n|move|p2a: Moon of SOUL|Shadow Ball|p1a: Heatran\n|-damage|p1a: Heatran|57/100\n|-unboost|p1a: Heatran|spd|1\n|\n|-heal|p1a: Heatran|63/100|[from] item: Leftovers\n|upkeep\n|turn|5\n|inactive|SBPC has 270 seconds left.\n|\n|t:|1791126886\n|move|p2a: Moon of SOUL|Shadow Ball|p1a: Heatran\n|-damage|p1a: Heatran|20/100\n|move|p1a: Heatran|Earth Power|p2a: Moon of SOUL\n|-supereffective|p2a: Moon of SOUL\n|-damage|p2a: Moon of SOUL|8/100\n|\n|-heal|p1a: Heatran|26/100|[from] item: Leftovers\n|upkeep\n|turn|6\n|\n|t:|1791126896\n|move|p2a: Moon of SOUL|Shadow Ball|p1a: Heatran\n|-damage|p1a: Heatran|0 fnt\n|faint|p1a: Heatran\n|-ability|p2a: Moon of SOUL|Beast Boost|boost\n|-boost|p2a: Moon of SOUL|spa|1\n|\n|upkeep\n|\n|t:|1791126900\n|switch|p1a: Rotom|Rotom-Wash|100/100\n|-damage|p1a: Rotom|88/100|[from] Stealth Rock\n|turn|7\n|\n|t:|1791126904\n|move|p2a: Moon of SOUL|Shadow Ball|p1a: Rotom\n|-damage|p1a: Rotom|0 fnt\n|faint|p1a: Rotom\n|-ability|p2a: Moon of SOUL|Beast Boost|boost\n|-boost|p2a: Moon of SOUL|spa|1\n|\n|upkeep\n|\n|t:|1791126908\n|switch|p1a: Landorus|Landorus-Therian, M|100/100\n|-damage|p1a: Landorus|88/100|[from] Stealth Rock\n|-ability|p1a: Landorus|Intimidate|boost\n|-unboost|p2a: Moon of SOUL|atk|1\n|turn|8\n|\n|t:|1791126913\n|move|p2a: Moon of SOUL|Shadow Ball|p1a: Landorus\n|-damage|p1a: Landorus|0 fnt\n|faint|p1a: Landorus\n|-ability|p2a: Moon of SOUL|Beast Boost|boost\n|-boost|p2a: Moon of SOUL|spa|1\n|\n|upkeep\n|\n|t:|1791126935\n|switch|p1a: Blacephalon|Blacephalon|100/100\n|-damage|p1a: Blacephalon|76/100|[from] Stealth Rock\n|turn|9\n|\n|t:|1791126938\n|move|p2a: Moon of SOUL|Shadow Ball|p1a: Blacephalon\n|-supereffective|p1a: Blacephalon\n|-damage|p1a: Blacephalon|0 fnt\n|faint|p1a: Blacephalon\n|-ability|p2a: Moon of SOUL|Beast Boost|boost\n|-boost|p2a: Moon of SOUL|spa|1\n|\n|upkeep\n|\n|t:|1791126939\n|switch|p1a: Buzzwole|Buzzwole|100/100\n|-damage|p1a: Buzzwole|88/100|[from] Stealth Rock\n|turn|10\n|\n|t:|1791126941\n|move|p2a: Moon of SOUL|Shadow Ball|p1a: Buzzwole\n|-damage|p1a: Buzzwole|0 fnt\n|faint|p1a: Buzzwole\n|-ability|p2a: Moon of SOUL|Beast Boost|boost\n|-boost|p2a: Moon of SOUL|spa|1\n|\n|upkeep\n|\n|t:|1791126943\n|switch|p1a: Dragapult|Dragapult, M|88/100\n|-damage|p1a: Dragapult|76/100|[from] Stealth Rock\n|turn|11\n|\n|t:|1791126945\n|move|p2a: Moon of SOUL|Shadow Ball|p1a: Dragapult\n|-supereffective|p1a: Dragapult\n|-damage|p1a: Dragapult|0 fnt\n|faint|p1a: Dragapult\n|\n|win|Mimikyu Stardust\n|c|\u2606Mimikyu Stardust|gg\n", "uploadtime": 1791126945, "views": "52", "formatid": "gen8ou", "rating": null, "private": 0, "password": null}