{"id": "smogtours-gen8ou-976637", "format": "[Gen 8] OU", "players": ["airi pearl", "rylon \u271d"], "log": "|inactive|Battle timer is ON: inactive players will automatically lose when time's up.\n|t:|1791127666\n|gametype|singles\n|player|p1|airi pearl|#wcop2023latinamerica2|\n|player|p2|rylon \u271d|#wcop2026latinamerica2|\n|gen|8\n|tier|[Gen 8] OU\n|rule|HP Percentage Mod: HP is shown in percentages\n|rule|Endless Battle Clause: Forcing endless battles is banned\n|rule|Sleep Clause Mod: Limit one foe put to sleep\n|rule|Species Clause: Limit one of each Pok\u00e9mon\n|rule|OHKO Clause: OHKO moves are banned\n|rule|Evasion Items Clause: Evasion items are banned\n|rule|Evasion Moves Clause: Evasion moves are banned\n|rule|Dynamax Clause: You cannot dynamax\n|clearpoke\n|poke|p1|Magnezone|\n|poke|p1|Landorus-Therian, M|\n|poke|p1|Garchomp, M|\n|poke|p1|Tapu Fini|\n|poke|p1|Melmetal|\n|poke|p1|Tornadus-Therian, M|\n|poke|p2|Tapu Fini|\n|poke|p2|Magnezone|\n|poke|p2|Tapu Lele|\n|poke|p2|Kartana|\n|poke|p2|Hawlucha, M|\n|poke|p2|Landorus-Therian, M|\n|teampreview\n|c|\u2606rylon \u271d|hf\n|c|\u2606airi pearl|hf\n|\n|t:|1791127690\n|teamsize|p1|6\n|teamsize|p2|6\n|start\n|switch|p1a: Garchomp|Garchomp, M|100/100\n|switch|p2a: Tapu Fini|Tapu Fini|100/100\n|-fieldstart|move: Misty Terrain|[from] ability: Misty Surge|[of] p2a: Tapu Fini\n|turn|1\n|\n|t:|1791127697\n|switch|p1a: Melmetal|Melmetal|100/100\n|move|p2a: Tapu Fini|Trick|p1a: Melmetal\n|-activate|p2a: Tapu Fini|move: Trick|[of] p1a: Melmetal\n|-item|p1a: Melmetal|Choice Scarf|[from] move: Trick\n|-item|p2a: Tapu Fini|Leftovers|[from] move: Trick\n|\n|upkeep\n|turn|2\n|\n|t:|1791127710\n|switch|p1a: Tornadus|Tornadus-Therian, M|100/100\n|move|p2a: Tapu Fini|Moonblast|p1a: Tornadus\n|-damage|p1a: Tornadus|59/100\n|\n|upkeep\n|turn|3\n|\n|t:|1791127716\n|move|p1a: Tornadus|Knock Off|p2a: Tapu Fini\n|-resisted|p2a: Tapu Fini\n|-damage|p2a: Tapu Fini|91/100\n|-enditem|p2a: Tapu Fini|Leftovers|[from] move: Knock Off|[of] p1a: Tornadus\n|move|p2a: Tapu Fini|Trick|p1a: Tornadus\n|-activate|p2a: Tapu Fini|move: Trick|[of] p1a: Tornadus\n|-enditem|p1a: Tornadus|Heavy-Duty Boots|[silent]|[from] move: Trick\n|-item|p2a: Tapu Fini|Heavy-Duty Boots|[from] move: Trick\n|\n|upkeep\n|turn|4\n|\n|t:|1791127724\n|move|p1a: Tornadus|Hurricane|p2a: Tapu Fini|[miss]\n|-miss|p1a: Tornadus|p2a: Tapu Fini\n|move|p2a: Tapu Fini|Moonblast|p1a: Tornadus\n|-damage|p1a: Tornadus|19/100\n|-unboost|p1a: Tornadus|spa|1\n|\n|upkeep\n|turn|5\n|\n|t:|1791127728\n|switch|p2a: Magnezone|Magnezone|100/100\n|move|p1a: Tornadus|U-turn|p2a: Magnezone\n|-resisted|p2a: Magnezone\n|-damage|p2a: Magnezone|96/100\n|-damage|p1a: Tornadus|2/100|[from] item: Rocky Helmet|[of] p2a: Magnezone\n|\n|t:|1791127733\n|switch|p1a: Garchomp|Garchomp, M|100/100|[from] U-turn\n|\n|-fieldend|Misty Terrain\n|upkeep\n|turn|6\n|\n|t:|1791127738\n|switch|p2a: Tapu Fini|Tapu Fini|91/100\n|-fieldstart|move: Misty Terrain|[from] ability: Misty Surge|[of] p2a: Tapu Fini\n|move|p1a: Garchomp|Stealth Rock|p2a: Tapu Fini\n|-sidestart|p2: rylon \u271d|move: Stealth Rock\n|\n|upkeep\n|turn|7\n|\n|t:|1791127745\n|switch|p1a: Melmetal|Melmetal|100/100\n|move|p2a: Tapu Fini|Moonblast|p1a: Melmetal\n|-resisted|p1a: Melmetal\n|-damage|p1a: Melmetal|87/100\n|-unboost|p1a: Melmetal|spa|1\n|\n|upkeep\n|turn|8\n|\n|t:|1791127752\n|move|p2a: Tapu Fini|Moonblast|p1a: Melmetal\n|-resisted|p1a: Melmetal\n|-damage|p1a: Melmetal|71/100\n|move|p1a: Melmetal|Double Iron Bash|p2a: Tapu Fini\n|-damage|p2a: Tapu Fini|52/100\n|-damage|p2a: Tapu Fini|13/100\n|-hitcount|p2a: Tapu Fini|2\n|\n|upkeep\n|turn|9\n|\n|t:|1791127771\n|switch|p1a: Tapu Fini|Tapu Fini|100/100\n|move|p2a: Tapu Fini|Moonblast|p1a: Tapu Fini\n|-crit|p1a: Tapu Fini\n|-damage|p1a: Tapu Fini|53/100\n|\n|-heal|p1a: Tapu Fini|59/100|[from] item: Leftovers\n|upkeep\n|turn|10\n|\n|t:|1791127778\n|switch|p2a: Landorus|Landorus-Therian, M|100/100\n|-damage|p2a: Landorus|88/100|[from] Stealth Rock\n|-ability|p2a: Landorus|Intimidate|boost\n|-unboost|p1a: Tapu Fini|atk|1\n|move|p1a: Tapu Fini|Moonblast|p2a: Landorus\n|-damage|p2a: Landorus|66/100\n|\n|-heal|p2a: Landorus|72/100|[from] item: Leftovers\n|-heal|p1a: Tapu Fini|65/100|[from] item: Leftovers\n|-fieldend|Misty Terrain\n|upkeep\n|turn|11\n|\n|t:|1791127783\n|switch|p1a: Tornadus|Tornadus-Therian, M|36/100\n|move|p2a: Landorus|Stealth Rock|p1a: Tornadus\n|-sidestart|p1: airi pearl|move: Stealth Rock\n|\n|-heal|p2a: Landorus|78/100|[from] item: Leftovers\n|upkeep\n|turn|12\n|\n|t:|1791127791\n|move|p1a: Tornadus|Knock Off|p2a: Landorus\n|-damage|p2a: Landorus|59/100\n|-enditem|p2a: Landorus|Leftovers|[from] move: Knock Off|[of] p1a: Tornadus\n|move|p2a: Landorus|U-turn|p1a: Tornadus\n|-resisted|p1a: Tornadus\n|-damage|p1a: Tornadus|25/100\n|\n|t:|1791127799\n|switch|p2a: Tapu Lele|Tapu Lele|100/100|[from] U-turn\n|-damage|p2a: Tapu Lele|88/100|[from] Stealth Rock\n|-fieldstart|move: Psychic Terrain|[from] ability: Psychic Surge|[of] p2a: Tapu Lele\n|\n|upkeep\n|turn|13\n|\n|t:|1791127806\n|move|p1a: Tornadus|U-turn|p2a: Tapu Lele\n|-damage|p2a: Tapu Lele|66/100\n|\n|t:|1791127810\n|switch|p1a: Melmetal|Melmetal|71/100|[from] U-turn\n|-damage|p1a: Melmetal|65/100|[from] Stealth Rock\n|move|p2a: Tapu Lele|Psychic|p1a: Melmetal\n|-resisted|p1a: Melmetal\n|-damage|p1a: Melmetal|27/100\n|\n|upkeep\n|turn|14\n|\n|t:|1791127817\n|move|p2a: Tapu Lele|Psychic|p1a: Melmetal\n|-resisted|p1a: Melmetal\n|-damage|p1a: Melmetal|0 fnt\n|faint|p1a: Melmetal\n|\n|upkeep\n|inactive|airi pearl has 270 seconds left.\n|\n|t:|1791127860\n|switch|p1a: Magnezone|Magnezone|100/100\n|-damage|p1a: Magnezone|94/100|[from] Stealth Rock\n|-item|p1a: Magnezone|Air Balloon\n|turn|15\n|\n|t:|1791127872\n|move|p2a: Tapu Lele|Psychic|p1a: Magnezone\n|-resisted|p1a: Magnezone\n|-damage|p1a: Magnezone|25/100\n|-enditem|p1a: Magnezone|Air Balloon\n|move|p1a: Magnezone|Thunderbolt|p2a: Tapu Lele\n|-damage|p2a: Tapu Lele|24/100\n|-status|p2a: Tapu Lele|par\n|\n|upkeep\n|turn|16\n|c|\u2606rylon \u271d|dios\n|inactive|airi pearl has 270 seconds left.\n|c|\u2606rylon \u271d|santo\n|c|\u2606rylon \u271d|padre\n|\n|t:|1791127885\n|switch|p2a: Magnezone|Magnezone|96/100\n|-damage|p2a: Magnezone|89/100|[from] Stealth Rock\n|move|p1a: Magnezone|Magnet Rise|p1a: Magnezone\n|-start|p1a: Magnezone|Magnet Rise\n|\n|-fieldend|move: Psychic Terrain\n|upkeep\n|turn|17\n|inactive|airi pearl has 270 seconds left.\n|c|+didss|santo\n|c|+didss|padre\n|\n|t:|1791127892\n|move|p1a: Magnezone|Body Press|p2a: Magnezone\n|-supereffective|p2a: Magnezone\n|-damage|p2a: Magnezone|53/100\n|-damage|p1a: Magnezone|9/100|[from] item: Rocky Helmet|[of] p2a: Magnezone\n|move|p2a: Magnezone|Body Press|p1a: Magnezone\n|-supereffective|p1a: Magnezone\n|-damage|p1a: Magnezone|0 fnt\n|faint|p1a: Magnezone\n|\n|upkeep\n|inactive|airi pearl has 270 seconds left.\n|\n|t:|1791127898\n|switch|p1a: Landorus|Landorus-Therian, M|100/100\n|-damage|p1a: Landorus|88/100|[from] Stealth Rock\n|-ability|p1a: Landorus|Intimidate|boost\n|-unboost|p2a: Magnezone|atk|1\n|turn|18\n|inactive|airi pearl has 270 seconds left.\n|\n|t:|1791127908\n|switch|p2a: Landorus|Landorus-Therian, M|59/100\n|-damage|p2a: Landorus|46/100|[from] Stealth Rock\n|-ability|p2a: Landorus|Intimidate|boost\n|-unboost|p1a: Landorus|atk|1\n|move|p1a: Landorus|Swords Dance|p1a: Landorus\n|-boost|p1a: Landorus|atk|2\n|\n|-heal|p1a: Landorus|94/100|[from] item: Leftovers\n|upkeep\n|turn|19\n|\n|t:|1791127918\n|move|p1a: Landorus|Stone Edge|p2a: Landorus\n|-damage|p2a: Landorus|0 fnt\n|faint|p2a: Landorus\n|\n|-heal|p1a: Landorus|99/100|[from] item: Leftovers\n|upkeep\n|\n|t:|1791127925\n|switch|p2a: Tapu Fini|Tapu Fini|13/100\n|-fieldstart|move: Misty Terrain|[from] ability: Misty Surge|[of] p2a: Tapu Fini\n|turn|20\n|\n|t:|1791127931\n|move|p1a: Landorus|Earthquake|p2a: Tapu Fini\n|-damage|p2a: Tapu Fini|0 fnt\n|faint|p2a: Tapu Fini\n|\n|-heal|p1a: Landorus|100/100|[from] item: Leftovers\n|upkeep\n|\n|t:|1791127935\n|switch|p2a: Kartana|Kartana|100/100\n|-damage|p2a: Kartana|94/100|[from] Stealth Rock\n|turn|21\n|\n|t:|1791127943\n|move|p2a: Kartana|Leaf Blade|p1a: Landorus\n|-damage|p1a: Landorus|28/100\n|move|p1a: Landorus|Earthquake|p2a: Kartana\n|-damage|p2a: Kartana|2/100\n|\n|-heal|p1a: Landorus|34/100|[from] item: Leftovers\n|upkeep\n|turn|22\n|\n|t:|1791127950\n|switch|p1a: Garchomp|Garchomp, M|100/100\n|-damage|p1a: Garchomp|94/100|[from] Stealth Rock\n|move|p2a: Kartana|Leaf Blade|p1a: Garchomp\n|-damage|p1a: Garchomp|39/100\n|-damage|p2a: Kartana|0 fnt|[from] ability: Rough Skin|[of] p1a: Garchomp\n|faint|p2a: Kartana\n|\n|-heal|p1a: Garchomp|45/100|[from] item: Leftovers\n|upkeep\n|\n|t:|1791127953\n|switch|p2a: Hawlucha|Hawlucha, M|100/100\n|-damage|p2a: Hawlucha|88/100|[from] Stealth Rock\n|-enditem|p2a: Hawlucha|Misty Seed\n|-boost|p2a: Hawlucha|spd|1|[from] item: Misty Seed\n|turn|23\n|\n|t:|1791127969\n|move|p2a: Hawlucha|Substitute|p2a: Hawlucha\n|-start|p2a: Hawlucha|Substitute\n|-damage|p2a: Hawlucha|63/100\n|move|p1a: Garchomp|Toxic||[still]\n|-fail|p1a: Garchomp\n|\n|-heal|p1a: Garchomp|51/100|[from] item: Leftovers\n|upkeep\n|turn|24\n|c|\u2606airi pearl|gg\n|c|\u2606rylon \u271d|ggs\n|-message|airi pearl forfeited.\n|\n|win|rylon \u271d\n|player|p1|\n", "uploadtime": 1791127979, "views": "38", "formatid": "gen8ou", "rating": null, "private": 0, "password": null}