{"id": "smogtours-gen8ou-974602", "format": "[Gen 8] OU", "players": ["Xurkiyee", "Black thunderbolt"], "log": "|inactive|Battle timer is ON: inactive players will automatically lose when time's up.\n|t:|1790449834\n|gametype|singles\n|player|p1|Xurkiyee|#ndwcviussouth|\n|player|p2|Black thunderbolt|#fcl13snowbirds|\n|gen|8\n|tier|[Gen 8] OU\n|rule|HP Percentage Mod: HP is shown in percentages\n|rule|Endless Battle Clause: Forcing endless battles is banned\n|rule|Sleep Clause Mod: Limit one foe put to sleep\n|rule|Species Clause: Limit one of each Pok\u00e9mon\n|rule|OHKO Clause: OHKO moves are banned\n|rule|Evasion Items Clause: Evasion items are banned\n|rule|Evasion Moves Clause: Evasion moves are banned\n|rule|Dynamax Clause: You cannot dynamax\n|clearpoke\n|poke|p1|Buzzwole|\n|poke|p1|Landorus-Therian, M|\n|poke|p1|Heatran, M|\n|poke|p1|Tornadus-Therian, M|\n|poke|p1|Slowbro, M|\n|poke|p1|Weavile, F|\n|poke|p2|Dragapult, M|\n|poke|p2|Melmetal|\n|poke|p2|Rillaboom, F|\n|poke|p2|Moltres-Galar|\n|poke|p2|Hatterene, F|\n|poke|p2|Garchomp, M|\n|teampreview\n|c|\u2606Xurkiyee|hf\n|c|\u2606Black thunderbolt|you too\n|inactive|Xurkiyee has 270 seconds left.\n|inactive|Black thunderbolt has 270 seconds left.\n|\n|t:|1790449889\n|teamsize|p1|6\n|teamsize|p2|6\n|start\n|switch|p1a: Tornadus|Tornadus-Therian, M|100/100\n|switch|p2a: Dragapult|Dragapult, M|100/100\n|turn|1\n|inactive|Xurkiyee has 270 seconds left.\n|inactive|Black thunderbolt has 270 seconds left.\n|\n|t:|1790449944\n|switch|p2a: Melmetal|Melmetal|100/100\n|move|p1a: Tornadus|U-turn|p2a: Melmetal\n|-resisted|p2a: Melmetal\n|-damage|p2a: Melmetal|96/100\n|\n|t:|1790449958\n|switch|p1a: Buzzwole|Buzzwole|100/100|[from] U-turn\n|\n|-heal|p2a: Melmetal|100/100|[from] item: Leftovers\n|upkeep\n|turn|2\n|\n|t:|1790449966\n|move|p2a: Melmetal|Protect|p2a: Melmetal\n|-singleturn|p2a: Melmetal|Protect\n|move|p1a: Buzzwole|Close Combat|p2a: Melmetal\n|-activate|p2a: Melmetal|move: Protect\n|\n|upkeep\n|turn|3\n|inactive|Black thunderbolt has 270 seconds left.\n|\n|t:|1790449973\n|switch|p1a: Heatran|Heatran, M|100/100\n|switch|p2a: Dragapult|Dragapult, M|100/100\n|\n|upkeep\n|turn|4\n|inactive|Black thunderbolt has 270 seconds left.\n|inactive|Black thunderbolt has 240 seconds left.\n|\n|t:|1790450019\n|move|p2a: Dragapult|Hydro Pump|p1a: Heatran\n|-supereffective|p1a: Heatran\n|-damage|p1a: Heatran|37/100\n|move|p1a: Heatran|Toxic|p2a: Dragapult\n|-status|p2a: Dragapult|tox\n|\n|-heal|p1a: Heatran|43/100|[from] item: Leftovers\n|-damage|p2a: Dragapult|95/100 tox|[from] psn\n|upkeep\n|turn|5\n|inactive|Black thunderbolt has 240 seconds left.\n|inactive|Xurkiyee has 270 seconds left.\n|\n|t:|1790450048\n|switch|p2a: Moltres|Moltres-Galar|100/100\n|switch|p1a: Slowbro|Slowbro, M|100/100\n|\n|upkeep\n|turn|6\n|inactive|Black thunderbolt has 240 seconds left.\n|\n|t:|1790450056\n|move|p2a: Moltres|Nasty Plot|p2a: Moltres\n|-boost|p2a: Moltres|spa|2\n|move|p1a: Slowbro|Teleport|p1a: Slowbro\n|inactive|Xurkiyee has 270 seconds left.\n|\n|t:|1790450085\n|switch|p1a: Weavile|Weavile, F|100/100|[from] Teleport\n|-ability|p1a: Weavile|Pressure\n|\n|upkeep\n|turn|7\n|\n|t:|1790450092\n|switch|p2a: Melmetal|Melmetal|100/100\n|move|p1a: Weavile|Triple Axel|p2a: Melmetal\n|-resisted|p2a: Melmetal\n|-damage|p2a: Melmetal|98/100\n|-resisted|p2a: Melmetal\n|-damage|p2a: Melmetal|91/100\n|-resisted|p2a: Melmetal\n|-crit|p2a: Melmetal\n|-damage|p2a: Melmetal|77/100\n|-hitcount|p2a: Melmetal|3\n|\n|-heal|p2a: Melmetal|83/100|[from] item: Leftovers\n|upkeep\n|turn|8\n|\n|t:|1790450103\n|switch|p1a: Slowbro|Slowbro, M|100/100\n|move|p2a: Melmetal|Toxic|p1a: Slowbro\n|-status|p1a: Slowbro|tox\n|\n|-heal|p2a: Melmetal|89/100|[from] item: Leftovers\n|-damage|p1a: Slowbro|94/100 tox|[from] psn\n|upkeep\n|turn|9\n|\n|t:|1790450125\n|move|p2a: Melmetal|Double Iron Bash|p1a: Slowbro\n|-resisted|p1a: Slowbro\n|-damage|p1a: Slowbro|79/100 tox\n|-resisted|p1a: Slowbro\n|-damage|p1a: Slowbro|63/100 tox\n|-hitcount|p1a: Slowbro|2\n|move|p1a: Slowbro|Teleport|p1a: Slowbro\n|\n|t:|1790450128\n|switch|p1a: Heatran|Heatran, M|43/100|[from] Teleport\n|\n|-heal|p1a: Heatran|49/100|[from] item: Leftovers\n|-heal|p2a: Melmetal|95/100|[from] item: Leftovers\n|upkeep\n|turn|10\n|\n|t:|1790450135\n|switch|p1a: Landorus|Landorus-Therian, M|100/100\n|-ability|p1a: Landorus|Intimidate|boost\n|-unboost|p2a: Melmetal|atk|1\n|switch|p2a: Hatterene|Hatterene, F|100/100\n|\n|upkeep\n|turn|11\n|inactive|Black thunderbolt has 240 seconds left.\n|\n|t:|1790450170\n|move|p1a: Landorus|U-turn|p2a: Hatterene\n|-damage|p2a: Hatterene|81/100\n|-enditem|p2a: Hatterene|Eject Button\n|\n|t:|1790450190\n|switch|p2a: Moltres|Moltres-Galar|100/100\n|\n|upkeep\n|turn|12\n|\n|t:|1790450201\n|move|p1a: Landorus|U-turn|p2a: Moltres\n|-damage|p2a: Moltres|76/100\n|\n|t:|1790450208\n|switch|p1a: Tornadus|Tornadus-Therian, M|100/100|[from] U-turn\n|move|p2a: Moltres|Fiery Wrath|p1a: Tornadus\n|-damage|p1a: Tornadus|43/100\n|-damage|p2a: Moltres|66/100|[from] item: Life Orb\n|\n|upkeep\n|turn|13\n|inactive|Xurkiyee has 270 seconds left.\n|\n|t:|1790450247\n|move|p1a: Tornadus|Toxic|p2a: Moltres\n|-status|p2a: Moltres|tox\n|move|p2a: Moltres|Fiery Wrath|p1a: Tornadus\n|-damage|p1a: Tornadus|0 fnt\n|faint|p1a: Tornadus\n|-damage|p2a: Moltres|57/100 tox|[from] item: Life Orb\n|\n|-damage|p2a: Moltres|50/100 tox|[from] psn\n|upkeep\n|\n|t:|1790450256\n|switch|p1a: Buzzwole|Buzzwole|100/100\n|turn|14\n|inactive|Xurkiyee has 270 seconds left.\n|\n|t:|1790450280\n|switch|p2a: Hatterene|Hatterene, F|81/100\n|move|p1a: Buzzwole|Leech Life|p2a: Hatterene\n|-damage|p2a: Hatterene|16/100\n|\n|upkeep\n|turn|15\n|\n|t:|1790450290\n|switch|p1a: Heatran|Heatran, M|49/100\n|switch|p2a: Melmetal|Melmetal|95/100\n|\n|-heal|p1a: Heatran|55/100|[from] item: Leftovers\n|-heal|p2a: Melmetal|100/100|[from] item: Leftovers\n|upkeep\n|turn|16\n|\n|t:|1790450295\n|switch|p1a: Landorus|Landorus-Therian, M|100/100\n|-ability|p1a: Landorus|Intimidate|boost\n|-unboost|p2a: Melmetal|atk|1\n|move|p2a: Melmetal|Earthquake|p1a: Landorus\n|-immune|p1a: Landorus\n|\n|upkeep\n|turn|17\n|inactive|Xurkiyee has 270 seconds left.\n|\n|t:|1790450305\n|switch|p2a: Hatterene|Hatterene, F|16/100\n|move|p1a: Landorus|U-turn|p2a: Hatterene\n|-damage|p2a: Hatterene|0 fnt\n|faint|p2a: Hatterene\n|inactive|Xurkiyee has 270 seconds left.\n|\n|t:|1790450318\n|switch|p1a: Heatran|Heatran, M|55/100|[from] U-turn\n|\n|-heal|p1a: Heatran|61/100|[from] item: Leftovers\n|upkeep\n|inactive|Black thunderbolt has 240 seconds left.\n|\n|t:|1790450323\n|switch|p2a: Garchomp|Garchomp, M|100/100\n|turn|18\n|inactive|Xurkiyee has 270 seconds left.\n|\n|t:|1790450361\n|switch|p1a: Landorus|Landorus-Therian, M|100/100\n|-ability|p1a: Landorus|Intimidate|boost\n|-unboost|p2a: Garchomp|atk|1\n|move|p2a: Garchomp|Swords Dance|p2a: Garchomp\n|-boost|p2a: Garchomp|atk|2\n|\n|upkeep\n|turn|19\n|\n|t:|1790450369\n|move|p2a: Garchomp|Scale Shot|p1a: Landorus|[miss]\n|-miss|p2a: Garchomp|p1a: Landorus\n|move|p1a: Landorus|U-turn|p2a: Garchomp\n|-damage|p2a: Garchomp|79/100\n|-damage|p1a: Landorus|88/100|[from] ability: Rough Skin|[of] p2a: Garchomp\n|\n|t:|1790450373\n|switch|p1a: Weavile|Weavile, F|100/100|[from] U-turn\n|-ability|p1a: Weavile|Pressure\n|\n|upkeep\n|turn|20\n|c|\u2606Xurkiyee|mb\n|\n|t:|1790450383\n|switch|p2a: Melmetal|Melmetal|100/100\n|move|p1a: Weavile|Triple Axel|p2a: Melmetal|[miss]\n|-miss|p1a: Weavile|p2a: Melmetal\n|\n|upkeep\n|turn|21\n|\n|t:|1790450389\n|switch|p1a: Slowbro|Slowbro, M|96/100 tox\n|switch|p2a: Rillaboom|Rillaboom, F|100/100\n|-fieldstart|move: Grassy Terrain|[from] ability: Grassy Surge|[of] p2a: Rillaboom\n|\n|-heal|p1a: Slowbro|100/100 tox|[from] Grassy Terrain\n|-damage|p1a: Slowbro|94/100 tox|[from] psn\n|upkeep\n|turn|22\n|inactive|Xurkiyee has 270 seconds left.\n|inactive|Black thunderbolt has 270 seconds left.\n|\n|t:|1790450402\n|switch|p2a: Moltres|Moltres-Galar|50/100 tox\n|switch|p1a: Buzzwole|Buzzwole|100/100\n|\n|-damage|p2a: Moltres|44/100 tox|[from] psn\n|upkeep\n|turn|23\n|\n|t:|1790450407\n|move|p1a: Buzzwole|Close Combat|p2a: Moltres\n|-damage|p2a: Moltres|0 fnt\n|-unboost|p1a: Buzzwole|def|1\n|-unboost|p1a: Buzzwole|spd|1\n|faint|p2a: Moltres\n|-ability|p1a: Buzzwole|Beast Boost|boost\n|-boost|p1a: Buzzwole|atk|1\n|\n|upkeep\n|\n|t:|1790450412\n|switch|p2a: Dragapult|Dragapult, M|95/100 tox\n|turn|24\n|\n|t:|1790450424\n|switch|p1a: Heatran|Heatran, M|61/100\n|move|p2a: Dragapult|Shadow Ball|p1a: Heatran\n|-crit|p1a: Heatran\n|-damage|p1a: Heatran|8/100\n|\n|-heal|p2a: Dragapult|100/100 tox|[from] Grassy Terrain\n|-heal|p1a: Heatran|14/100|[from] Grassy Terrain\n|-heal|p1a: Heatran|20/100|[from] item: Leftovers\n|-damage|p2a: Dragapult|95/100 tox|[from] psn\n|upkeep\n|turn|25\n|inactive|Xurkiyee has 270 seconds left.\n|inactive|Xurkiyee has 240 seconds left.\n|\n|t:|1790450501\n|switch|p1a: Weavile|Weavile, F|100/100\n|-ability|p1a: Weavile|Pressure\n|move|p2a: Dragapult|Shadow Ball|p1a: Weavile\n|-resisted|p1a: Weavile\n|-damage|p1a: Weavile|66/100\n|\n|-heal|p2a: Dragapult|100/100 tox|[from] Grassy Terrain\n|-heal|p1a: Weavile|72/100|[from] Grassy Terrain\n|-damage|p2a: Dragapult|89/100 tox|[from] psn\n|-fieldend|move: Grassy Terrain\n|upkeep\n|turn|26\n|\n|t:|1790450511\n|switch|p2a: Melmetal|Melmetal|100/100\n|move|p1a: Weavile|Knock Off|p2a: Melmetal\n|-damage|p2a: Melmetal|70/100\n|-enditem|p2a: Melmetal|Leftovers|[from] move: Knock Off|[of] p1a: Weavile\n|\n|upkeep\n|turn|27\n|\n|t:|1790450518\n|switch|p1a: Landorus|Landorus-Therian, M|88/100\n|-ability|p1a: Landorus|Intimidate|boost\n|-unboost|p2a: Melmetal|atk|1\n|move|p2a: Melmetal|Double Iron Bash|p1a: Landorus\n|-damage|p1a: Landorus|60/100\n|-damage|p1a: Landorus|31/100\n|-hitcount|p1a: Landorus|2\n|\n|-heal|p1a: Landorus|37/100|[from] item: Leftovers\n|upkeep\n|turn|28\n|\n|t:|1790450527\n|move|p2a: Melmetal|Protect|p2a: Melmetal\n|-singleturn|p2a: Melmetal|Protect\n|move|p1a: Landorus|Earthquake|p2a: Melmetal\n|-activate|p2a: Melmetal|move: Protect\n|\n|-heal|p1a: Landorus|43/100|[from] item: Leftovers\n|upkeep\n|turn|29\n|\n|t:|1790450532\n|switch|p2a: Garchomp|Garchomp, M|79/100\n|move|p1a: Landorus|U-turn|p2a: Garchomp\n|-damage|p2a: Garchomp|55/100\n|-damage|p1a: Landorus|31/100|[from] ability: Rough Skin|[of] p2a: Garchomp\n|\n|t:|1790450535\n|switch|p1a: Weavile|Weavile, F|72/100|[from] U-turn\n|-ability|p1a: Weavile|Pressure\n|\n|upkeep\n|turn|30\n|\n|t:|1790450543\n|switch|p2a: Melmetal|Melmetal|70/100\n|move|p1a: Weavile|Triple Axel|p2a: Melmetal\n|-resisted|p2a: Melmetal\n|-damage|p2a: Melmetal|67/100\n|-resisted|p2a: Melmetal\n|-damage|p2a: Melmetal|61/100\n|-resisted|p2a: Melmetal\n|-damage|p2a: Melmetal|52/100\n|-hitcount|p2a: Melmetal|3\n|\n|upkeep\n|turn|31\n|\n|t:|1790450554\n|switch|p1a: Slowbro|Slowbro, M|100/100 tox\n|move|p2a: Melmetal|Double Iron Bash|p1a: Slowbro\n|-resisted|p1a: Slowbro\n|-damage|p1a: Slowbro|86/100 tox\n|-resisted|p1a: Slowbro\n|-damage|p1a: Slowbro|71/100 tox\n|-hitcount|p1a: Slowbro|2\n|\n|-damage|p1a: Slowbro|65/100 tox|[from] psn\n|upkeep\n|turn|32\n|\n|t:|1790450561\n|move|p2a: Melmetal|Double Iron Bash|p1a: Slowbro\n|-resisted|p1a: Slowbro\n|-damage|p1a: Slowbro|48/100 tox\n|-resisted|p1a: Slowbro\n|-damage|p1a: Slowbro|32/100 tox\n|-hitcount|p1a: Slowbro|2\n|cant|p1a: Slowbro|flinch\n|\n|-damage|p1a: Slowbro|20/100 tox|[from] psn\n|upkeep\n|turn|33\n|\n|t:|1790450571\n|switch|p1a: Heatran|Heatran, M|20/100\n|move|p2a: Melmetal|Double Iron Bash|p1a: Heatran\n|-resisted|p1a: Heatran\n|-damage|p1a: Heatran|11/100\n|-resisted|p1a: Heatran\n|-damage|p1a: Heatran|2/100\n|-hitcount|p1a: Heatran|2\n|\n|-heal|p1a: Heatran|8/100|[from] item: Leftovers\n|upkeep\n|turn|34\n|\n|t:|1790450582\n|switch|p2a: Garchomp|Garchomp, M|55/100\n|move|p1a: Heatran|Stealth Rock|p2a: Garchomp\n|-sidestart|p2: Black thunderbolt|move: Stealth Rock\n|\n|-heal|p1a: Heatran|14/100|[from] item: Leftovers\n|upkeep\n|turn|35\n|inactive|Xurkiyee has 270 seconds left.\n|\n|t:|1790450602\n|switch|p1a: Landorus|Landorus-Therian, M|31/100\n|-ability|p1a: Landorus|Intimidate|boost\n|-unboost|p2a: Garchomp|atk|1\n|move|p2a: Garchomp|Stealth Rock|p1a: Landorus\n|-sidestart|p1: Xurkiyee|move: Stealth Rock\n|\n|-heal|p1a: Landorus|37/100|[from] item: Leftovers\n|upkeep\n|turn|36\n|inactive|Xurkiyee has 270 seconds left.\n|\n|t:|1790450622\n|move|p2a: Garchomp|Scale Shot|p1a: Landorus\n|-damage|p1a: Landorus|24/100\n|-damage|p1a: Landorus|14/100\n|-hitcount|p1a: Landorus|2\n|-unboost|p2a: Garchomp|def|1\n|-boost|p2a: Garchomp|spe|1\n|-damage|p2a: Garchomp|46/100|[from] item: Life Orb\n|move|p1a: Landorus|Earthquake|p2a: Garchomp\n|-damage|p2a: Garchomp|0 fnt\n|faint|p2a: Garchomp\n|\n|-heal|p1a: Landorus|20/100|[from] item: Leftovers\n|upkeep\n|\n|t:|1790450633\n|switch|p2a: Rillaboom|Rillaboom, F|100/100\n|-damage|p2a: Rillaboom|88/100|[from] Stealth Rock\n|-fieldstart|move: Grassy Terrain|[from] ability: Grassy Surge|[of] p2a: Rillaboom\n|turn|37\n|inactive|Xurkiyee has 270 seconds left.\n|\n|t:|1790450662\n|switch|p1a: Buzzwole|Buzzwole|100/100\n|-damage|p1a: Buzzwole|88/100|[from] Stealth Rock\n|move|p2a: Rillaboom|Knock Off|p1a: Buzzwole\n|-resisted|p1a: Buzzwole\n|-damage|p1a: Buzzwole|74/100\n|-enditem|p1a: Buzzwole|Choice Band|[from] move: Knock Off|[of] p2a: Rillaboom\n|\n|-heal|p1a: Buzzwole|80/100|[from] Grassy Terrain\n|-heal|p2a: Rillaboom|94/100|[from] Grassy Terrain\n|upkeep\n|turn|38\n|\n|t:|1790450684\n|move|p2a: Rillaboom|Grassy Glide|p1a: Buzzwole\n|-resisted|p1a: Buzzwole\n|-damage|p1a: Buzzwole|61/100\n|move|p1a: Buzzwole|Ice Punch|p2a: Rillaboom\n|-supereffective|p2a: Rillaboom\n|-damage|p2a: Rillaboom|43/100\n|-status|p2a: Rillaboom|frz\n|\n|-heal|p1a: Buzzwole|67/100|[from] Grassy Terrain\n|-heal|p2a: Rillaboom|49/100 frz|[from] Grassy Terrain\n|upkeep\n|turn|39\n|\n|t:|1790450703\n|-curestatus|p2a: Rillaboom|frz|[msg]\n|move|p2a: Rillaboom|Grassy Glide|p1a: Buzzwole\n|-resisted|p1a: Buzzwole\n|-damage|p1a: Buzzwole|48/100\n|move|p1a: Buzzwole|Leech Life|p2a: Rillaboom\n|-supereffective|p2a: Rillaboom\n|-damage|p2a: Rillaboom|0 fnt\n|-heal|p1a: Buzzwole|76/100|[from] drain|[of] p2a: Rillaboom\n|faint|p2a: Rillaboom\n|-ability|p1a: Buzzwole|Beast Boost|boost\n|-boost|p1a: Buzzwole|atk|1\n|\n|-heal|p1a: Buzzwole|82/100|[from] Grassy Terrain\n|upkeep\n|\n|t:|1790450708\n|switch|p2a: Dragapult|Dragapult, M|89/100 tox\n|-damage|p2a: Dragapult|76/100 tox|[from] Stealth Rock\n|turn|40\n|\n|t:|1790450719\n|switch|p1a: Heatran|Heatran, M|14/100\n|-damage|p1a: Heatran|1/100|[from] Stealth Rock\n|move|p2a: Dragapult|Draco Meteor|p1a: Heatran\n|-resisted|p1a: Heatran\n|-damage|p1a: Heatran|0 fnt\n|-unboost|p2a: Dragapult|spa|2\n|faint|p1a: Heatran\n|\n|-heal|p2a: Dragapult|82/100 tox|[from] Grassy Terrain\n|-damage|p2a: Dragapult|76/100 tox|[from] psn\n|upkeep\n|inactive|Xurkiyee has 240 seconds left.\n|inactive|Xurkiyee has 210 seconds left.\n|\n|t:|1790450793\n|switch|p1a: Slowbro|Slowbro, M|53/100 tox\n|-damage|p1a: Slowbro|41/100 tox|[from] Stealth Rock\n|turn|41\n|\n|t:|1790450799\n|move|p2a: Dragapult|Draco Meteor|p1a: Slowbro\n|-damage|p1a: Slowbro|9/100 tox\n|-unboost|p2a: Dragapult|spa|2\n|move|p1a: Slowbro|Teleport|p1a: Slowbro\n|\n|t:|1790450812\n|switch|p1a: Buzzwole|Buzzwole|82/100|[from] Teleport\n|-damage|p1a: Buzzwole|70/100|[from] Stealth Rock\n|\n|-heal|p2a: Dragapult|82/100 tox|[from] Grassy Terrain\n|-heal|p1a: Buzzwole|76/100|[from] Grassy Terrain\n|-damage|p2a: Dragapult|70/100 tox|[from] psn\n|-fieldend|move: Grassy Terrain\n|upkeep\n|turn|42\n|\n|t:|1790450834\n|switch|p2a: Melmetal|Melmetal|52/100\n|-damage|p2a: Melmetal|46/100|[from] Stealth Rock\n|move|p1a: Buzzwole|Ice Punch|p2a: Melmetal\n|-resisted|p2a: Melmetal\n|-damage|p2a: Melmetal|37/100\n|\n|upkeep\n|turn|43\n|\n|t:|1790450842\n|switch|p2a: Dragapult|Dragapult, M|70/100 tox\n|-damage|p2a: Dragapult|58/100 tox|[from] Stealth Rock\n|move|p1a: Buzzwole|Close Combat|p2a: Dragapult\n|-immune|p2a: Dragapult\n|\n|-damage|p2a: Dragapult|52/100 tox|[from] psn\n|upkeep\n|turn|44\n|\n|t:|1790450858\n|switch|p1a: Slowbro|Slowbro, M|43/100 tox\n|-damage|p1a: Slowbro|30/100 tox|[from] Stealth Rock\n|move|p2a: Dragapult|Shadow Ball|p1a: Slowbro\n|-supereffective|p1a: Slowbro\n|-damage|p1a: Slowbro|0 fnt\n|faint|p1a: Slowbro\n|\n|-damage|p2a: Dragapult|40/100 tox|[from] psn\n|upkeep\n|\n|t:|1790450861\n|switch|p1a: Weavile|Weavile, F|72/100\n|-damage|p1a: Weavile|48/100|[from] Stealth Rock\n|-ability|p1a: Weavile|Pressure\n|turn|45\n|\n|t:|1790450870\n|move|p2a: Dragapult|Shadow Ball|p1a: Weavile\n|-resisted|p1a: Weavile\n|-damage|p1a: Weavile|10/100\n|move|p1a: Weavile|Knock Off|p2a: Dragapult\n|-supereffective|p2a: Dragapult\n|-damage|p2a: Dragapult|0 fnt\n|-enditem|p2a: Dragapult|Choice Specs|[from] move: Knock Off|[of] p1a: Weavile\n|faint|p2a: Dragapult\n|\n|upkeep\n|\n|t:|1790450873\n|switch|p2a: Melmetal|Melmetal|37/100\n|-damage|p2a: Melmetal|31/100|[from] Stealth Rock\n|turn|46\n|\n|t:|1790450875\n|move|p1a: Weavile|Knock Off|p2a: Melmetal\n|-damage|p2a: Melmetal|12/100\n|move|p2a: Melmetal|Double Iron Bash|p1a: Weavile\n|-supereffective|p1a: Weavile\n|-damage|p1a: Weavile|0 fnt\n|faint|p1a: Weavile\n|-hitcount|p1: Weavile|1\n|\n|upkeep\n|\n|t:|1790450877\n|switch|p1a: Buzzwole|Buzzwole|76/100\n|-damage|p1a: Buzzwole|63/100|[from] Stealth Rock\n|turn|47\n|\n|t:|1790450878\n|move|p1a: Buzzwole|Close Combat|p2a: Melmetal\n|-supereffective|p2a: Melmetal\n|-damage|p2a: Melmetal|0 fnt\n|-unboost|p1a: Buzzwole|def|1\n|-unboost|p1a: Buzzwole|spd|1\n|faint|p2a: Melmetal\n|\n|win|Xurkiyee\n|c|\u2606Xurkiyee|gg\n|c|\u2606Black thunderbolt|gg\n", "uploadtime": 1790450878, "views": "68", "formatid": "gen8ou", "rating": null, "private": 0, "password": null}