{"id": "smogtours-gen8ou-976363", "format": "[Gen 8] OU", "players": ["LogIce", "I love kkb"], "log": "|inactive|Battle timer is ON: inactive players will automatically lose when time's up.\n|t:|1791058241\n|gametype|singles\n|player|p1|LogIce|#rbtt9travelers|\n|player|p2|I love kkb|266|\n|gen|8\n|tier|[Gen 8] OU\n|rule|HP Percentage Mod: HP is shown in percentages\n|rule|Endless Battle Clause: Forcing endless battles is banned\n|rule|Sleep Clause Mod: Limit one foe put to sleep\n|rule|Species Clause: Limit one of each Pok\u00e9mon\n|rule|OHKO Clause: OHKO moves are banned\n|rule|Evasion Items Clause: Evasion items are banned\n|rule|Evasion Moves Clause: Evasion moves are banned\n|rule|Dynamax Clause: You cannot dynamax\n|clearpoke\n|poke|p1|Pelipper, F|\n|poke|p1|Barraskewda, F|\n|poke|p1|Ferrothorn, F|\n|poke|p1|Zapdos|\n|poke|p1|Seismitoad, F|\n|poke|p1|Crawdaunt, F|\n|poke|p2|Garchomp, F|\n|poke|p2|Hawlucha, F|\n|poke|p2|Tapu Lele|\n|poke|p2|Kartana|\n|poke|p2|Tapu Fini|\n|poke|p2|Landorus-Therian, M|\n|teampreview\n|c|\u2606LogIce|glhf\n|inactive|LogIce has 270 seconds left.\n|inactive|I love kkb has 270 seconds left.\n|\n|t:|1791058297\n|teamsize|p1|6\n|teamsize|p2|6\n|start\n|switch|p1a: Barraskewda|Barraskewda, F|100/100\n|switch|p2a: Tapu Fini|Tapu Fini|100/100\n|-fieldstart|move: Misty Terrain|[from] ability: Misty Surge|[of] p2a: Tapu Fini\n|turn|1\n|\n|t:|1791058305\n|move|p1a: Barraskewda|Flip Turn|p2a: Tapu Fini\n|-resisted|p2a: Tapu Fini\n|-damage|p2a: Tapu Fini|77/100\n|\n|t:|1791058312\n|switch|p1a: Ferrothorn|Ferrothorn, F|100/100|[from] Flip Turn\n|move|p2a: Tapu Fini|Substitute|p2a: Tapu Fini\n|-start|p2a: Tapu Fini|Substitute\n|-damage|p2a: Tapu Fini|52/100\n|\n|-heal|p2a: Tapu Fini|58/100|[from] item: Leftovers\n|upkeep\n|turn|2\n|\n|t:|1791058318\n|move|p2a: Tapu Fini|Calm Mind|p2a: Tapu Fini\n|-boost|p2a: Tapu Fini|spa|1\n|-boost|p2a: Tapu Fini|spd|1\n|move|p1a: Ferrothorn|Stealth Rock|p2a: Tapu Fini\n|-sidestart|p2: I love kkb|move: Stealth Rock\n|\n|-heal|p2a: Tapu Fini|64/100|[from] item: Leftovers\n|upkeep\n|turn|3\n|\n|t:|1791058322\n|move|p2a: Tapu Fini|Calm Mind|p2a: Tapu Fini\n|-boost|p2a: Tapu Fini|spa|1\n|-boost|p2a: Tapu Fini|spd|1\n|move|p1a: Ferrothorn|Power Whip|p2a: Tapu Fini|[miss]\n|-miss|p1a: Ferrothorn|p2a: Tapu Fini\n|\n|-heal|p2a: Tapu Fini|70/100|[from] item: Leftovers\n|upkeep\n|turn|4\n|\n|t:|1791058325\n|move|p2a: Tapu Fini|Hydro Pump|p1a: Ferrothorn\n|-resisted|p1a: Ferrothorn\n|-damage|p1a: Ferrothorn|60/100\n|-enditem|p1a: Ferrothorn|Eject Button\n|\n|t:|1791058330\n|switch|p1a: Zapdos|Zapdos|100/100\n|\n|-heal|p2a: Tapu Fini|77/100|[from] item: Leftovers\n|upkeep\n|turn|5\n|\n|t:|1791058335\n|move|p1a: Zapdos|Volt Switch|p2a: Tapu Fini\n|-supereffective|p2a: Tapu Fini\n|-end|p2a: Tapu Fini|Substitute\n|\n|t:|1791058343\n|switch|p1a: Ferrothorn|Ferrothorn, F|60/100|[from] Volt Switch\n|move|p2a: Tapu Fini|Hydro Pump|p1a: Ferrothorn\n|-resisted|p1a: Ferrothorn\n|-crit|p1a: Ferrothorn\n|-damage|p1a: Ferrothorn|0 fnt\n|faint|p1a: Ferrothorn\n|\n|-heal|p2a: Tapu Fini|83/100|[from] item: Leftovers\n|-fieldend|Misty Terrain\n|upkeep\n|inactive|LogIce has 270 seconds left.\n|\n|t:|1791058374\n|switch|p1a: Pelipper|Pelipper, F|100/100\n|-weather|RainDance|[from] ability: Drizzle|[of] p1a: Pelipper\n|turn|6\n|\n|t:|1791058379\n|move|p2a: Tapu Fini|Substitute|p2a: Tapu Fini\n|-start|p2a: Tapu Fini|Substitute\n|-damage|p2a: Tapu Fini|58/100\n|move|p1a: Pelipper|U-turn|p2a: Tapu Fini\n|-resisted|p2a: Tapu Fini\n|-activate|p2a: Tapu Fini|move: Substitute|[damage]\n|\n|t:|1791058388\n|switch|p1a: Barraskewda|Barraskewda, F|100/100|[from] U-turn\n|\n|-weather|RainDance|[upkeep]\n|-heal|p2a: Tapu Fini|64/100|[from] item: Leftovers\n|upkeep\n|turn|7\n|\n|t:|1791058390\n|move|p1a: Barraskewda|Flip Turn|p2a: Tapu Fini\n|-resisted|p2a: Tapu Fini\n|-end|p2a: Tapu Fini|Substitute\n|\n|t:|1791058398\n|switch|p1a: Crawdaunt|Crawdaunt, F|100/100|[from] Flip Turn\n|move|p2a: Tapu Fini|Draining Kiss|p1a: Crawdaunt\n|-supereffective|p1a: Crawdaunt\n|-damage|p1a: Crawdaunt|0 fnt\n|-heal|p2a: Tapu Fini|100/100|[from] drain|[of] p1a: Crawdaunt\n|faint|p1a: Crawdaunt\n|\n|-weather|RainDance|[upkeep]\n|upkeep\n|\n|t:|1791058402\n|switch|p1a: Zapdos|Zapdos|100/100\n|turn|8\n|inactive|I love kkb has 270 seconds left.\n|\n|t:|1791058445\n|move|p1a: Zapdos|Thunder|p2a: Tapu Fini\n|-supereffective|p2a: Tapu Fini\n|-damage|p2a: Tapu Fini|37/100\n|-status|p2a: Tapu Fini|par\n|move|p2a: Tapu Fini|Draining Kiss|p1a: Zapdos\n|-damage|p1a: Zapdos|47/100\n|-heal|p2a: Tapu Fini|74/100 par|[from] drain|[of] p1a: Zapdos\n|\n|-weather|RainDance|[upkeep]\n|-heal|p2a: Tapu Fini|80/100 par|[from] item: Leftovers\n|upkeep\n|turn|9\n|\n|t:|1791058454\n|move|p1a: Zapdos|Thunder|p2a: Tapu Fini\n|-supereffective|p2a: Tapu Fini\n|-damage|p2a: Tapu Fini|12/100 par\n|move|p2a: Tapu Fini|Draining Kiss|p1a: Zapdos\n|-damage|p1a: Zapdos|0 fnt\n|-heal|p2a: Tapu Fini|45/100 par|[from] drain|[of] p1a: Zapdos\n|faint|p1a: Zapdos\n|\n|-weather|RainDance|[upkeep]\n|-heal|p2a: Tapu Fini|51/100 par|[from] item: Leftovers\n|upkeep\n|\n|t:|1791058459\n|switch|p1a: Seismitoad|Seismitoad, F|100/100\n|turn|10\n|\n|t:|1791058464\n|move|p1a: Seismitoad|Power Whip|p2a: Tapu Fini\n|-supereffective|p2a: Tapu Fini\n|-damage|p2a: Tapu Fini|0 fnt\n|faint|p2a: Tapu Fini\n|-damage|p1a: Seismitoad|91/100|[from] item: Life Orb\n|\n|-weather|RainDance|[upkeep]\n|upkeep\n|inactive|I love kkb has 270 seconds left.\n|\n|t:|1791058487\n|switch|p2a: Kartana|Kartana|100/100\n|-damage|p2a: Kartana|94/100|[from] Stealth Rock\n|turn|11\n|\n|t:|1791058494\n|move|p1a: Seismitoad|Earth Power|p2a: Kartana\n|-damage|p2a: Kartana|0 fnt\n|faint|p2a: Kartana\n|-damage|p1a: Seismitoad|81/100|[from] item: Life Orb\n|\n|-weather|RainDance|[upkeep]\n|upkeep\n|\n|t:|1791058499\n|switch|p2a: Landorus|Landorus-Therian, M|100/100\n|-damage|p2a: Landorus|88/100|[from] Stealth Rock\n|-ability|p2a: Landorus|Intimidate|boost\n|-unboost|p1a: Seismitoad|atk|1\n|turn|12\n|\n|t:|1791058506\n|switch|p2a: Tapu Lele|Tapu Lele|100/100\n|-damage|p2a: Tapu Lele|88/100|[from] Stealth Rock\n|-fieldstart|move: Psychic Terrain|[from] ability: Psychic Surge|[of] p2a: Tapu Lele\n|move|p1a: Seismitoad|Weather Ball|p2a: Tapu Lele\n|-damage|p2a: Tapu Lele|9/100\n|-damage|p1a: Seismitoad|71/100|[from] item: Life Orb\n|\n|-weather|RainDance|[upkeep]\n|upkeep\n|turn|13\n|\n|t:|1791058516\n|move|p1a: Seismitoad|Weather Ball|p2a: Tapu Lele\n|-damage|p2a: Tapu Lele|0 fnt\n|faint|p2a: Tapu Lele\n|-damage|p1a: Seismitoad|61/100|[from] item: Life Orb\n|\n|-weather|none\n|upkeep\n|\n|t:|1791058519\n|switch|p2a: Hawlucha|Hawlucha, F|100/100\n|-damage|p2a: Hawlucha|88/100|[from] Stealth Rock\n|-enditem|p2a: Hawlucha|Psychic Seed\n|-boost|p2a: Hawlucha|spd|1|[from] item: Psychic Seed\n|turn|14\n|\n|t:|1791058529\n|switch|p1a: Pelipper|Pelipper, F|100/100\n|-weather|RainDance|[from] ability: Drizzle|[of] p1a: Pelipper\n|move|p2a: Hawlucha|Swords Dance|p2a: Hawlucha\n|-boost|p2a: Hawlucha|atk|2\n|\n|-weather|RainDance|[upkeep]\n|upkeep\n|turn|15\n|\n|t:|1791058534\n|move|p2a: Hawlucha|Stone Edge|p1a: Pelipper\n|-supereffective|p1a: Pelipper\n|-damage|p1a: Pelipper|2/100\n|move|p1a: Pelipper|Scald|p2a: Hawlucha\n|-damage|p2a: Hawlucha|50/100\n|\n|-weather|RainDance|[upkeep]\n|upkeep\n|turn|16\n|\n|t:|1791058541\n|move|p2a: Hawlucha|Acrobatics|p1a: Pelipper\n|-damage|p1a: Pelipper|0 fnt\n|faint|p1a: Pelipper\n|\n|-weather|RainDance|[upkeep]\n|-fieldend|move: Psychic Terrain\n|upkeep\n|\n|t:|1791058544\n|switch|p1a: Barraskewda|Barraskewda, F|100/100\n|turn|17\n|\n|t:|1791058554\n|move|p1a: Barraskewda|Flip Turn|p2a: Hawlucha\n|-damage|p2a: Hawlucha|0 fnt\n|faint|p2a: Hawlucha\n|\n|t:|1791058557\n|switch|p1a: Seismitoad|Seismitoad, F|61/100|[from] Flip Turn\n|\n|-weather|RainDance|[upkeep]\n|upkeep\n|\n|t:|1791058561\n|switch|p2a: Garchomp|Garchomp, F|100/100\n|-damage|p2a: Garchomp|94/100|[from] Stealth Rock\n|turn|18\n|\n|t:|1791058564\n|move|p1a: Seismitoad|Ice Punch|p2a: Garchomp\n|-supereffective|p2a: Garchomp\n|-damage|p2a: Garchomp|14/100\n|-damage|p1a: Seismitoad|48/100|[from] ability: Rough Skin|[of] p2a: Garchomp\n|-damage|p1a: Seismitoad|38/100|[from] item: Life Orb\n|move|p2a: Garchomp|Outrage|p1a: Seismitoad\n|-damage|p1a: Seismitoad|0 fnt\n|faint|p1a: Seismitoad\n|-damage|p2a: Garchomp|4/100|[from] item: Life Orb\n|\n|-weather|RainDance|[upkeep]\n|upkeep\n|\n|t:|1791058571\n|switch|p1a: Barraskewda|Barraskewda, F|100/100\n|turn|19\n|\n|t:|1791058574\n|move|p1a: Barraskewda|Liquidation|p2a: Garchomp\n|-damage|p2a: Garchomp|0 fnt\n|-damage|p1a: Barraskewda|88/100|[from] ability: Rough Skin|[of] p2a: Garchomp\n|faint|p2a: Garchomp\n|\n|-weather|RainDance|[upkeep]\n|upkeep\n|\n|t:|1791058576\n|switch|p2a: Landorus|Landorus-Therian, M|88/100\n|-damage|p2a: Landorus|76/100|[from] Stealth Rock\n|-ability|p2a: Landorus|Intimidate|boost\n|-unboost|p1a: Barraskewda|atk|1\n|turn|20\n|\n|t:|1791058577\n|move|p1a: Barraskewda|Liquidation|p2a: Landorus\n|-supereffective|p2a: Landorus\n|-crit|p2a: Landorus\n|-damage|p2a: Landorus|0 fnt\n|faint|p2a: Landorus\n|\n|win|LogIce\n|c|\u2606LogIce|gg\n|c|\u2606I love kkb|gg\n|player|p1|\n|player|p2|\n|player|p2|I love kkb|266|\n", "uploadtime": 1791058577, "views": "51", "formatid": "gen8ou", "rating": null, "private": 0, "password": null}