{"id": "smogtours-gen8ou-976327", "format": "[Gen 8] OU", "players": ["black thunderbolt", "suhayb1910"], "log": "|inactive|Battle timer is ON: inactive players will automatically lose when time's up.\n|badge|p2|bronze|gen9ou|100-11\n|uhtml|medal-msg|<div class=\"broadcast-blue\">Curious what those medals under the avatar are? PS now has Ladder Seasons! For more information, check out the <a href=\"https://www.smogon.com/forums/threads/3740067/\">thread on Smogon.</a></div>\n|t:|1791055343\n|gametype|singles\n|player|p1|black thunderbolt|giovanni|\n|player|p2|suhayb1910|volo|\n|gen|8\n|tier|[Gen 8] OU\n|rule|HP Percentage Mod: HP is shown in percentages\n|rule|Endless Battle Clause: Forcing endless battles is banned\n|rule|Sleep Clause Mod: Limit one foe put to sleep\n|rule|Species Clause: Limit one of each Pok\u00e9mon\n|rule|OHKO Clause: OHKO moves are banned\n|rule|Evasion Items Clause: Evasion items are banned\n|rule|Evasion Moves Clause: Evasion moves are banned\n|rule|Dynamax Clause: You cannot dynamax\n|clearpoke\n|poke|p1|Clefable, F|\n|poke|p1|Dragapult, M|\n|poke|p1|Excadrill, M|\n|poke|p1|Ferrothorn, M|\n|poke|p1|Tyranitar, F|\n|poke|p1|Zapdos|\n|poke|p2|Weavile, F|\n|poke|p2|Landorus-Therian, M|\n|poke|p2|Melmetal|\n|poke|p2|Dragonite, M|\n|poke|p2|Volcanion|\n|poke|p2|Kartana|\n|teampreview\n|c|\u2606suhayb1910|hf\n|c|\u2606black thunderbolt|as well\n|inactive|black thunderbolt has 270 seconds left.\n|inactive|suhayb1910 has 270 seconds left.\n|\n|t:|1791055382\n|teamsize|p1|6\n|teamsize|p2|6\n|start\n|switch|p1a: Dragapult|Dragapult, M|100/100\n|switch|p2a: Melmetal|Melmetal|100/100\n|turn|1\n|inactive|black thunderbolt has 270 seconds left.\n|\n|t:|1791055434\n|move|p1a: Dragapult|U-turn|p2a: Melmetal\n|-resisted|p2a: Melmetal\n|-damage|p2a: Melmetal|96/100\n|\n|t:|1791055444\n|switch|p1a: Ferrothorn|Ferrothorn, M|100/100|[from] U-turn\n|move|p2a: Melmetal|Ice Punch|p1a: Ferrothorn\n|-damage|p1a: Ferrothorn|79/100\n|-damage|p2a: Melmetal|84/100|[from] ability: Iron Barbs|[of] p1a: Ferrothorn\n|-damage|p2a: Melmetal|67/100|[from] item: Rocky Helmet|[of] p1a: Ferrothorn\n|\n|upkeep\n|turn|2\n|\n|t:|1791055457\n|switch|p2a: Volcanion|Volcanion|100/100\n|switch|p1a: Zapdos|Zapdos|100/100\n|\n|upkeep\n|turn|3\n|\n|t:|1791055470\n|switch|p2a: Landorus|Landorus-Therian, M|100/100\n|-ability|p2a: Landorus|Intimidate|boost\n|-unboost|p1a: Zapdos|atk|1\n|move|p1a: Zapdos|Volt Switch|p2a: Landorus\n|-immune|p2a: Landorus\n|\n|upkeep\n|turn|4\n|inactive|black thunderbolt has 240 seconds left.\n|\n|t:|1791055505\n|switch|p1a: Ferrothorn|Ferrothorn, M|79/100\n|move|p2a: Landorus|Stone Edge|p1a: Ferrothorn\n|-resisted|p1a: Ferrothorn\n|-damage|p1a: Ferrothorn|67/100\n|\n|upkeep\n|turn|5\n|\n|t:|1791055514\n|move|p2a: Landorus|Earthquake|p1a: Ferrothorn\n|-damage|p1a: Ferrothorn|34/100\n|move|p1a: Ferrothorn|Leech Seed|p2a: Landorus\n|-start|p2a: Landorus|move: Leech Seed\n|\n|-damage|p2a: Landorus|88/100|[from] Leech Seed|[of] p1a: Ferrothorn\n|-heal|p1a: Ferrothorn|47/100|[silent]\n|upkeep\n|turn|6\n|\n|t:|1791055534\n|move|p2a: Landorus|Stealth Rock|p1a: Ferrothorn\n|-sidestart|p1: black thunderbolt|move: Stealth Rock\n|move|p1a: Ferrothorn|Stealth Rock|p2a: Landorus\n|-sidestart|p2: suhayb1910|move: Stealth Rock\n|\n|-heal|p2a: Landorus|94/100|[from] item: Leftovers\n|-damage|p2a: Landorus|82/100|[from] Leech Seed|[of] p1a: Ferrothorn\n|-heal|p1a: Ferrothorn|60/100|[silent]\n|upkeep\n|turn|7\n|inactive|black thunderbolt has 210 seconds left.\n|\n|t:|1791055561\n|move|p2a: Landorus|Swords Dance|p2a: Landorus\n|-boost|p2a: Landorus|atk|2\n|move|p1a: Ferrothorn|Gyro Ball|p2a: Landorus\n|-damage|p2a: Landorus|37/100\n|\n|-heal|p2a: Landorus|43/100|[from] item: Leftovers\n|-damage|p2a: Landorus|31/100|[from] Leech Seed|[of] p1a: Ferrothorn\n|-heal|p1a: Ferrothorn|73/100|[silent]\n|upkeep\n|turn|8\n|\n|t:|1791055571\n|move|p2a: Landorus|Stone Edge|p1a: Ferrothorn\n|-resisted|p1a: Ferrothorn\n|-damage|p1a: Ferrothorn|51/100\n|move|p1a: Ferrothorn|Gyro Ball|p2a: Landorus\n|-damage|p2a: Landorus|0 fnt\n|faint|p2a: Landorus\n|\n|upkeep\n|\n|t:|1791055575\n|switch|p2a: Weavile|Weavile, F|100/100\n|-damage|p2a: Weavile|76/100|[from] Stealth Rock\n|-ability|p2a: Weavile|Pressure\n|turn|9\n|inactive|black thunderbolt has 210 seconds left.\n|\n|t:|1791055590\n|move|p2a: Weavile|Triple Axel|p1a: Ferrothorn\n|-damage|p1a: Ferrothorn|41/100\n|-damage|p2a: Weavile|63/100|[from] ability: Iron Barbs|[of] p1a: Ferrothorn\n|-damage|p2a: Weavile|47/100|[from] item: Rocky Helmet|[of] p1a: Ferrothorn\n|-damage|p1a: Ferrothorn|21/100\n|-damage|p2a: Weavile|34/100|[from] ability: Iron Barbs|[of] p1a: Ferrothorn\n|-damage|p2a: Weavile|18/100|[from] item: Rocky Helmet|[of] p1a: Ferrothorn\n|-damage|p1a: Ferrothorn|0 fnt\n|-damage|p2a: Weavile|5/100|[from] ability: Iron Barbs|[of] p1a: Ferrothorn\n|-damage|p2a: Weavile|0 fnt|[from] item: Rocky Helmet|[of] p1a: Ferrothorn\n|faint|p1a: Ferrothorn\n|faint|p2a: Weavile\n|-hitcount|p1: Ferrothorn|3\n|\n|upkeep\n|\n|t:|1791055607\n|switch|p2a: Melmetal|Melmetal|67/100\n|switch|p1a: Zapdos|Zapdos|100/100\n|-damage|p2a: Melmetal|61/100|[from] Stealth Rock\n|turn|10\n|\n|t:|1791055613\n|move|p1a: Zapdos|Heat Wave|p2a: Melmetal\n|-supereffective|p2a: Melmetal\n|-damage|p2a: Melmetal|31/100\n|move|p2a: Melmetal|Ice Punch|p1a: Zapdos\n|-supereffective|p1a: Zapdos\n|-damage|p1a: Zapdos|35/100\n|\n|upkeep\n|turn|11\n|\n|t:|1791055629\n|move|p1a: Zapdos|Roost|p1a: Zapdos\n|-heal|p1a: Zapdos|85/100\n|-singleturn|p1a: Zapdos|move: Roost\n|move|p2a: Melmetal|Ice Punch|p1a: Zapdos\n|-damage|p1a: Zapdos|56/100\n|-status|p2a: Melmetal|par|[from] ability: Static|[of] p1a: Zapdos\n|\n|upkeep\n|turn|12\n|\n|t:|1791055646\n|move|p1a: Zapdos|Roost|p1a: Zapdos\n|-heal|p1a: Zapdos|100/100\n|-singleturn|p1a: Zapdos|move: Roost\n|move|p2a: Melmetal|Superpower|p1a: Zapdos\n|-damage|p1a: Zapdos|57/100\n|-unboost|p2a: Melmetal|atk|1\n|-unboost|p2a: Melmetal|def|1\n|\n|upkeep\n|turn|13\n|\n|t:|1791055653\n|switch|p2a: Volcanion|Volcanion|100/100\n|move|p1a: Zapdos|Roost|p1a: Zapdos\n|-heal|p1a: Zapdos|100/100\n|-singleturn|p1a: Zapdos|move: Roost\n|\n|upkeep\n|turn|14\n|\n|t:|1791055658\n|move|p1a: Zapdos|Volt Switch|p2a: Volcanion\n|-supereffective|p2a: Volcanion\n|-damage|p2a: Volcanion|32/100\n|\n|t:|1791055662\n|switch|p1a: Dragapult|Dragapult, M|100/100|[from] Volt Switch\n|-damage|p1a: Dragapult|88/100|[from] Stealth Rock\n|move|p2a: Volcanion|Steam Eruption|p1a: Dragapult\n|-resisted|p1a: Dragapult\n|-damage|p1a: Dragapult|42/100\n|-status|p1a: Dragapult|brn\n|\n|-damage|p1a: Dragapult|36/100 brn|[from] brn\n|upkeep\n|turn|15\n|inactive|black thunderbolt has 210 seconds left.\n|\n|t:|1791055668\n|move|p1a: Dragapult|Shadow Ball|p2a: Volcanion\n|-damage|p2a: Volcanion|0 fnt\n|faint|p2a: Volcanion\n|\n|-damage|p1a: Dragapult|30/100 brn|[from] brn\n|upkeep\n|\n|t:|1791055674\n|switch|p2a: Dragonite|Dragonite, M|100/100\n|turn|16\n|\n|t:|1791055687\n|switch|p1a: Tyranitar|Tyranitar, F|100/100\n|-damage|p1a: Tyranitar|88/100|[from] Stealth Rock\n|-weather|Sandstorm|[from] ability: Sand Stream|[of] p1a: Tyranitar\n|move|p2a: Dragonite|Dragon Dance|p2a: Dragonite\n|-boost|p2a: Dragonite|atk|1\n|-boost|p2a: Dragonite|spe|1\n|\n|-weather|Sandstorm|[upkeep]\n|-damage|p2a: Dragonite|94/100|[from] Sandstorm\n|upkeep\n|turn|17\n|\n|t:|1791055698\n|switch|p2a: Melmetal|Melmetal|31/100 par\n|-damage|p2a: Melmetal|25/100 par|[from] Stealth Rock\n|move|p1a: Tyranitar|Crunch|p2a: Melmetal\n|-damage|p2a: Melmetal|0 fnt\n|faint|p2a: Melmetal\n|\n|-weather|Sandstorm|[upkeep]\n|upkeep\n|\n|t:|1791055701\n|switch|p2a: Kartana|Kartana|100/100\n|-damage|p2a: Kartana|94/100|[from] Stealth Rock\n|turn|18\n|\n|t:|1791055706\n|switch|p1a: Zapdos|Zapdos|100/100\n|move|p2a: Kartana|Knock Off|p1a: Zapdos\n|-damage|p1a: Zapdos|61/100\n|-enditem|p1a: Zapdos|Heavy-Duty Boots|[from] move: Knock Off|[of] p2a: Kartana\n|\n|-weather|Sandstorm|[upkeep]\n|-damage|p1a: Zapdos|55/100|[from] Sandstorm\n|upkeep\n|turn|19\n|\n|t:|1791055713\n|switch|p2a: Dragonite|Dragonite, M|94/100\n|move|p1a: Zapdos|Roost|p1a: Zapdos\n|-heal|p1a: Zapdos|100/100\n|-singleturn|p1a: Zapdos|move: Roost\n|\n|-weather|Sandstorm|[upkeep]\n|-damage|p2a: Dragonite|88/100|[from] Sandstorm\n|-damage|p1a: Zapdos|94/100|[from] Sandstorm\n|upkeep\n|turn|20\n|\n|t:|1791055718\n|move|p2a: Dragonite|Dragon Dance|p2a: Dragonite\n|-boost|p2a: Dragonite|atk|1\n|-boost|p2a: Dragonite|spe|1\n|move|p1a: Zapdos|Volt Switch|p2a: Dragonite\n|-damage|p2a: Dragonite|58/100\n|inactive|black thunderbolt has 240 seconds left.\n|\n|t:|1791055724\n|switch|p1a: Dragapult|Dragapult, M|30/100 brn|[from] Volt Switch\n|-damage|p1a: Dragapult|18/100 brn|[from] Stealth Rock\n|\n|-weather|none\n|-damage|p1a: Dragapult|12/100 brn|[from] brn\n|upkeep\n|turn|21\n|\n|t:|1791055728\n|move|p2a: Dragonite|Earthquake|p1a: Dragapult\n|-damage|p1a: Dragapult|0 fnt\n|faint|p1a: Dragapult\n|\n|upkeep\n|\n|t:|1791055731\n|switch|p1a: Clefable|Clefable, F|100/100\n|turn|22\n|\n|t:|1791055737\n|move|p2a: Dragonite|Roost|p2a: Dragonite\n|-heal|p2a: Dragonite|100/100\n|-singleturn|p2a: Dragonite|move: Roost\n|move|p1a: Clefable|Moonblast|p2a: Dragonite\n|-supereffective|p2a: Dragonite\n|-damage|p2a: Dragonite|57/100\n|\n|upkeep\n|turn|23\n|\n|t:|1791055747\n|switch|p2a: Kartana|Kartana|94/100\n|-damage|p2a: Kartana|88/100|[from] Stealth Rock\n|move|p1a: Clefable|Moonblast|p2a: Kartana\n|-resisted|p2a: Kartana\n|-damage|p2a: Kartana|21/100\n|\n|upkeep\n|turn|24\n|\n|t:|1791055752\n|switch|p1a: Zapdos|Zapdos|94/100\n|-damage|p1a: Zapdos|70/100|[from] Stealth Rock\n|move|p2a: Kartana|Leaf Blade|p1a: Zapdos\n|-resisted|p1a: Zapdos\n|-damage|p1a: Zapdos|44/100\n|\n|upkeep\n|turn|25\n|\n|t:|1791055760\n|switch|p2a: Dragonite|Dragonite, M|57/100\n|move|p1a: Zapdos|Roost|p1a: Zapdos\n|-heal|p1a: Zapdos|94/100\n|-singleturn|p1a: Zapdos|move: Roost\n|\n|upkeep\n|turn|26\n|\n|t:|1791055764\n|switch|p2a: Kartana|Kartana|21/100\n|-damage|p2a: Kartana|14/100|[from] Stealth Rock\n|move|p1a: Zapdos|Volt Switch|p2a: Kartana\n|-resisted|p2a: Kartana\n|-damage|p2a: Kartana|0 fnt\n|faint|p2a: Kartana\n|\n|t:|1791055766\n|switch|p1a: Clefable|Clefable, F|100/100|[from] Volt Switch\n|\n|upkeep\n|\n|t:|1791055769\n|switch|p2a: Dragonite|Dragonite, M|57/100\n|turn|27\n|\n|t:|1791055772\n|move|p2a: Dragonite|Roost|p2a: Dragonite\n|-heal|p2a: Dragonite|100/100\n|-singleturn|p2a: Dragonite|move: Roost\n|move|p1a: Clefable|Moonblast|p2a: Dragonite\n|-supereffective|p2a: Dragonite\n|-damage|p2a: Dragonite|59/100\n|\n|upkeep\n|turn|28\n|\n|t:|1791055774\n|move|p2a: Dragonite|Dual Wingbeat|p1a: Clefable\n|-damage|p1a: Clefable|81/100\n|-damage|p1a: Clefable|61/100\n|-hitcount|p1a: Clefable|2\n|move|p1a: Clefable|Moonblast|p2a: Dragonite\n|-supereffective|p2a: Dragonite\n|-damage|p2a: Dragonite|0 fnt\n|faint|p2a: Dragonite\n|\n|win|black thunderbolt\n|c|\u2606suhayb1910|gg\n", "uploadtime": 1791055774, "views": "38", "formatid": "gen8ou", "rating": null, "private": 0, "password": null}