{"id": "smogtours-gen8ou-975475", "format": "[Gen 8] OU", "players": ["damien the genius", "Separation"], "log": "|inactive|Battle timer is ON: inactive players will automatically lose when time's up.\n|badge|p2|silver|gen9randombattle|30-10\n|uhtml|medal-msg|<div class=\"broadcast-blue\">Curious what those medals under the avatar are? PS now has Ladder Seasons! For more information, check out the <a href=\"https://www.smogon.com/forums/threads/3740067/\">thread on Smogon.</a></div>\n|t:|1790683539\n|gametype|singles\n|player|p1|damien the genius|#wcop2023oceania|\n|player|p2|Separation|#separation|\n|gen|8\n|tier|[Gen 8] OU\n|rule|HP Percentage Mod: HP is shown in percentages\n|rule|Endless Battle Clause: Forcing endless battles is banned\n|rule|Sleep Clause Mod: Limit one foe put to sleep\n|rule|Species Clause: Limit one of each Pok\u00e9mon\n|rule|OHKO Clause: OHKO moves are banned\n|rule|Evasion Items Clause: Evasion items are banned\n|rule|Evasion Moves Clause: Evasion moves are banned\n|rule|Dynamax Clause: You cannot dynamax\n|clearpoke\n|poke|p1|Tapu Koko|\n|poke|p1|Clefable, F|\n|poke|p1|Skarmory, M|\n|poke|p1|Heatran, M|\n|poke|p1|Gastrodon, M|\n|poke|p1|Slowking-Galar, F|\n|poke|p2|Buzzwole|\n|poke|p2|Dragapult, F|\n|poke|p2|Landorus-Therian, M|\n|poke|p2|Heatran, F|\n|poke|p2|Slowbro, M|\n|poke|p2|Zeraora|\n|teampreview\n|c|\u2606Separation|hf\n|c|\u2606damien the genius|hf\n|inactive|damien the genius has 270 seconds left.\n|inactive|Separation has 270 seconds left.\n|\n|t:|1790683591\n|teamsize|p1|6\n|teamsize|p2|6\n|start\n|switch|p1a: Gastrodon|Gastrodon, M|100/100\n|switch|p2a: Zeraora|Zeraora|100/100\n|turn|1\n|inactive|damien the genius has 270 seconds left.\n|inactive|damien the genius has 240 seconds left.\n|\n|t:|1790683659\n|move|p2a: Zeraora|Knock Off|p1a: Gastrodon\n|-damage|p1a: Gastrodon|68/100\n|-enditem|p1a: Gastrodon|Heavy-Duty Boots|[from] move: Knock Off|[of] p2a: Zeraora\n|move|p1a: Gastrodon|Earth Power|p2a: Zeraora\n|-supereffective|p2a: Zeraora\n|-damage|p2a: Zeraora|26/100\n|\n|upkeep\n|turn|2\n|inactive|damien the genius has 240 seconds left.\n|\n|t:|1790683686\n|move|p2a: Zeraora|Close Combat|p1a: Gastrodon\n|-damage|p1a: Gastrodon|29/100\n|-unboost|p2a: Zeraora|def|1\n|-unboost|p2a: Zeraora|spd|1\n|move|p1a: Gastrodon|Recover|p1a: Gastrodon\n|-heal|p1a: Gastrodon|79/100\n|\n|upkeep\n|turn|3\n|inactive|damien the genius has 240 seconds left.\n|\n|t:|1790683701\n|switch|p2a: Slowbro|Slowbro, M|100/100\n|move|p1a: Gastrodon|Recover|p1a: Gastrodon\n|-heal|p1a: Gastrodon|100/100\n|\n|upkeep\n|turn|4\n|inactive|damien the genius has 240 seconds left.\n|\n|t:|1790683736\n|switch|p1a: Tapu Koko|Tapu Koko|100/100\n|-fieldstart|move: Electric Terrain|[from] ability: Electric Surge|[of] p1a: Tapu Koko\n|move|p2a: Slowbro|Future Sight|p1a: Tapu Koko\n|-start|p2a: Slowbro|move: Future Sight\n|\n|upkeep\n|turn|5\n|inactive|damien the genius has 210 seconds left.\n|\n|t:|1790683772\n|switch|p2a: Heatran|Heatran, F|100/100\n|move|p1a: Tapu Koko|Toxic|p2a: Heatran\n|-immune|p2a: Heatran\n|\n|upkeep\n|turn|6\n|\n|t:|1790683784\n|move|p1a: Tapu Koko|Volt Switch|p2a: Heatran\n|-damage|p2a: Heatran|77/100\n|\n|t:|1790683793\n|switch|p1a: Gastrodon|Gastrodon, M|100/100|[from] Volt Switch\n|move|p2a: Heatran|Stealth Rock|p1a: Gastrodon\n|-sidestart|p1: damien the genius|move: Stealth Rock\n|\n|-end|p1a: Gastrodon|move: Future Sight\n|-damage|p1a: Gastrodon|73/100\n|-heal|p2a: Heatran|83/100|[from] item: Leftovers\n|upkeep\n|turn|7\n|inactive|damien the genius has 180 seconds left.\n|\n|t:|1790683838\n|switch|p2a: Slowbro|Slowbro, M|100/100\n|move|p1a: Gastrodon|Earth Power|p2a: Slowbro\n|-damage|p2a: Slowbro|76/100\n|\n|upkeep\n|turn|8\n|\n|t:|1790683855\n|switch|p1a: Tapu Koko|Tapu Koko|100/100\n|move|p2a: Slowbro|Future Sight|p1a: Tapu Koko\n|-start|p2a: Slowbro|move: Future Sight\n|\n|-fieldend|move: Electric Terrain\n|upkeep\n|turn|9\n|\n|t:|1790683875\n|switch|p2a: Landorus|Landorus-Therian, M|100/100\n|-ability|p2a: Landorus|Intimidate|boost\n|-unboost|p1a: Tapu Koko|atk|1\n|move|p1a: Tapu Koko|Volt Switch|p2a: Landorus\n|-immune|p2a: Landorus\n|\n|upkeep\n|turn|10\n|inactive|damien the genius has 150 seconds left.\n|\n|t:|1790683908\n|move|p1a: Tapu Koko|Toxic|p2a: Landorus\n|-status|p2a: Landorus|tox\n|move|p2a: Landorus|U-turn|p1a: Tapu Koko\n|-resisted|p1a: Tapu Koko\n|-damage|p1a: Tapu Koko|84/100\n|\n|t:|1790683911\n|switch|p2a: Dragapult|Dragapult, F|100/100|[from] U-turn\n|\n|-end|p1a: Tapu Koko|move: Future Sight\n|-damage|p1a: Tapu Koko|15/100\n|upkeep\n|turn|11\n|\n|t:|1790683919\n|switch|p1a: Heatran|Heatran, M|100/100\n|-damage|p1a: Heatran|88/100|[from] Stealth Rock\n|move|p2a: Dragapult|Shadow Ball|p1a: Heatran\n|-damage|p1a: Heatran|51/100\n|\n|-heal|p1a: Heatran|57/100|[from] item: Leftovers\n|upkeep\n|turn|12\n|inactive|damien the genius has 150 seconds left.\n|\n|t:|1790683963\n|move|p2a: Dragapult|Shadow Ball|p1a: Heatran\n|-damage|p1a: Heatran|21/100\n|move|p1a: Heatran|Stealth Rock|p2a: Dragapult\n|-sidestart|p2: Separation|move: Stealth Rock\n|\n|-heal|p1a: Heatran|27/100|[from] item: Leftovers\n|upkeep\n|turn|13\n|\n|t:|1790683968\n|move|p2a: Dragapult|Shadow Ball|p1a: Heatran\n|-crit|p1a: Heatran\n|-damage|p1a: Heatran|0 fnt\n|faint|p1a: Heatran\n|\n|upkeep\n|\n|t:|1790683981\n|switch|p1a: Clefable|Clefable, F|100/100\n|turn|14\n|\n|t:|1790683992\n|switch|p2a: Slowbro|Slowbro, M|100/100\n|move|p1a: Clefable|Knock Off|p2a: Slowbro\n|-supereffective|p2a: Slowbro\n|-damage|p2a: Slowbro|79/100\n|-enditem|p2a: Slowbro|Heavy-Duty Boots|[from] move: Knock Off|[of] p1a: Clefable\n|\n|upkeep\n|turn|15\n|inactive|damien the genius has 120 seconds left.\n|\n|t:|1790684033\n|switch|p1a: Gastrodon|Gastrodon, M|73/100\n|-damage|p1a: Gastrodon|67/100|[from] Stealth Rock\n|move|p2a: Slowbro|Ice Beam|p1a: Gastrodon\n|-damage|p1a: Gastrodon|54/100\n|\n|upkeep\n|turn|16\n|\n|t:|1790684041\n|move|p1a: Gastrodon|Recover|p1a: Gastrodon\n|-heal|p1a: Gastrodon|100/100\n|move|p2a: Slowbro|Future Sight|p1a: Gastrodon\n|-start|p2a: Slowbro|move: Future Sight\n|\n|upkeep\n|turn|17\n|inactive|damien the genius has 120 seconds left.\n|\n|t:|1790684061\n|move|p1a: Gastrodon|Earth Power|p2a: Slowbro\n|-damage|p2a: Slowbro|54/100\n|move|p2a: Slowbro|Teleport|p2a: Slowbro\n|\n|t:|1790684064\n|switch|p2a: Buzzwole|Buzzwole|100/100|[from] Teleport\n|-damage|p2a: Buzzwole|88/100|[from] Stealth Rock\n|\n|upkeep\n|turn|18\n|inactive|damien the genius has 120 seconds left.\n|inactive|damien the genius has 90 seconds left.\n|\n|t:|1790684106\n|switch|p1a: Slowking|Slowking-Galar, F|100/100\n|move|p2a: Buzzwole|Earthquake|p1a: Slowking\n|-supereffective|p1a: Slowking\n|-damage|p1a: Slowking|8/100\n|\n|-end|p1a: Slowking|move: Future Sight\n|-damage|p1a: Slowking|0 fnt\n|faint|p1a: Slowking\n|upkeep\n|\n|t:|1790684115\n|switch|p1a: Tapu Koko|Tapu Koko|15/100\n|-fieldstart|move: Electric Terrain|[from] ability: Electric Surge|[of] p1a: Tapu Koko\n|turn|19\n|inactive|damien the genius has 90 seconds left.\n|\n|t:|1790684140\n|switch|p2a: Landorus|Landorus-Therian, M|100/100 tox\n|-damage|p2a: Landorus|88/100 tox|[from] Stealth Rock\n|-ability|p2a: Landorus|Intimidate|boost\n|-unboost|p1a: Tapu Koko|atk|1\n|move|p1a: Tapu Koko|Volt Switch|p2a: Landorus\n|-immune|p2a: Landorus\n|\n|-heal|p2a: Landorus|94/100 tox|[from] item: Leftovers\n|-damage|p2a: Landorus|88/100 tox|[from] psn\n|upkeep\n|turn|20\n|\n|t:|1790684151\n|switch|p1a: Clefable|Clefable, F|100/100\n|move|p2a: Landorus|Earthquake|p1a: Clefable\n|-crit|p1a: Clefable\n|-damage|p1a: Clefable|42/100\n|\n|-heal|p2a: Landorus|94/100 tox|[from] item: Leftovers\n|-heal|p1a: Clefable|48/100|[from] item: Leftovers\n|-damage|p2a: Landorus|82/100 tox|[from] psn\n|upkeep\n|turn|21\n|\n|t:|1790684164\n|move|p2a: Landorus|Defog|p1a: Clefable\n|-unboost|p1a: Clefable|evasion|1\n|-sideend|p1: damien the genius|Stealth Rock|[from] move: Defog|[of] p2a: Landorus\n|-sideend|p2: Separation|Stealth Rock|[from] move: Defog|[of] p2a: Landorus\n|-fieldend|move: Electric Terrain\n|move|p1a: Clefable|Soft-Boiled|p1a: Clefable\n|-heal|p1a: Clefable|98/100\n|\n|-heal|p2a: Landorus|88/100 tox|[from] item: Leftovers\n|-heal|p1a: Clefable|100/100|[from] item: Leftovers\n|-damage|p2a: Landorus|70/100 tox|[from] psn\n|upkeep\n|turn|22\n|\n|t:|1790684174\n|move|p2a: Landorus|U-turn|p1a: Clefable\n|-resisted|p1a: Clefable\n|-damage|p1a: Clefable|92/100\n|\n|t:|1790684177\n|switch|p2a: Slowbro|Slowbro, M|87/100|[from] U-turn\n|move|p1a: Clefable|Knock Off|p2a: Slowbro\n|-supereffective|p2a: Slowbro\n|-damage|p2a: Slowbro|72/100\n|\n|-heal|p1a: Clefable|98/100|[from] item: Leftovers\n|upkeep\n|turn|23\n|inactive|damien the genius has 90 seconds left.\n|\n|t:|1790684185\n|switch|p1a: Skarmory|Skarmory, M|100/100\n|move|p2a: Slowbro|Thunder Wave|p1a: Skarmory\n|-status|p1a: Skarmory|par\n|\n|upkeep\n|turn|24\n|\n|t:|1790684201\n|cant|p1a: Skarmory|par\n|move|p2a: Slowbro|Future Sight|p1a: Skarmory\n|-start|p2a: Slowbro|move: Future Sight\n|\n|upkeep\n|turn|25\n|\n|t:|1790684206\n|move|p1a: Skarmory|Spikes|p2a: Slowbro\n|-sidestart|p2: Separation|Spikes\n|move|p2a: Slowbro|Teleport|p2a: Slowbro\n|\n|t:|1790684210\n|switch|p2a: Dragapult|Dragapult, F|100/100|[from] Teleport\n|-damage|p2a: Dragapult|88/100|[from] Spikes\n|\n|upkeep\n|turn|26\n|\n|t:|1790684217\n|move|p2a: Dragapult|Shadow Ball|p1a: Skarmory\n|-damage|p1a: Skarmory|18/100 par\n|move|p1a: Skarmory|Roost|p1a: Skarmory\n|-heal|p1a: Skarmory|68/100 par\n|-singleturn|p1a: Skarmory|move: Roost\n|\n|-end|p1a: Skarmory|move: Future Sight\n|-resisted|p1a: Skarmory\n|-damage|p1a: Skarmory|39/100 par\n|upkeep\n|turn|27\n|inactive|damien the genius has 120 seconds left.\n|\n|t:|1790684225\n|switch|p1a: Gastrodon|Gastrodon, M|100/100\n|move|p2a: Dragapult|Shadow Ball|p1a: Gastrodon\n|-damage|p1a: Gastrodon|60/100\n|\n|upkeep\n|turn|28\n|inactive|damien the genius has 120 seconds left.\n|\n|t:|1790684236\n|move|p2a: Dragapult|Shadow Ball|p1a: Gastrodon\n|-damage|p1a: Gastrodon|22/100\n|move|p1a: Gastrodon|Recover|p1a: Gastrodon\n|-heal|p1a: Gastrodon|72/100\n|\n|upkeep\n|turn|29\n|\n|t:|1790684239\n|move|p2a: Dragapult|Shadow Ball|p1a: Gastrodon\n|-damage|p1a: Gastrodon|36/100\n|move|p1a: Gastrodon|Recover|p1a: Gastrodon\n|-heal|p1a: Gastrodon|86/100\n|\n|upkeep\n|turn|30\n|\n|t:|1790684245\n|switch|p2a: Slowbro|Slowbro, M|100/100\n|-damage|p2a: Slowbro|88/100|[from] Spikes\n|move|p1a: Gastrodon|Earth Power|p2a: Slowbro\n|-damage|p2a: Slowbro|67/100\n|-unboost|p2a: Slowbro|spd|1\n|\n|upkeep\n|turn|31\n|\n|t:|1790684255\n|move|p1a: Gastrodon|Earth Power|p2a: Slowbro\n|-damage|p2a: Slowbro|30/100\n|move|p2a: Slowbro|Teleport|p2a: Slowbro\n|\n|t:|1790684258\n|switch|p2a: Buzzwole|Buzzwole|88/100|[from] Teleport\n|-damage|p2a: Buzzwole|76/100|[from] Spikes\n|\n|upkeep\n|turn|32\n|inactive|damien the genius has 150 seconds left.\n|\n|t:|1790684274\n|switch|p2a: Slowbro|Slowbro, M|63/100\n|-damage|p2a: Slowbro|51/100|[from] Spikes\n|switch|p1a: Clefable|Clefable, F|98/100\n|\n|-heal|p1a: Clefable|100/100|[from] item: Leftovers\n|upkeep\n|turn|33\n|\n|t:|1790684289\n|move|p1a: Clefable|Moonblast|p2a: Slowbro\n|-damage|p2a: Slowbro|25/100\n|move|p2a: Slowbro|Future Sight|p1a: Clefable\n|-start|p2a: Slowbro|move: Future Sight\n|\n|upkeep\n|turn|34\n|\n|t:|1790684304\n|switch|p2a: Landorus|Landorus-Therian, M|70/100 tox\n|-ability|p2a: Landorus|Intimidate|boost\n|-unboost|p1a: Clefable|atk|1\n|move|p1a: Clefable|Moonblast|p2a: Landorus\n|-damage|p2a: Landorus|46/100 tox\n|\n|-heal|p2a: Landorus|52/100 tox|[from] item: Leftovers\n|-damage|p2a: Landorus|46/100 tox|[from] psn\n|upkeep\n|turn|35\n|\n|t:|1790684323\n|move|p2a: Landorus|Defog|p1a: Clefable\n|-unboost|p1a: Clefable|evasion|1\n|-sideend|p2: Separation|Spikes|[from] move: Defog|[of] p2a: Landorus\n|move|p1a: Clefable|Soft-Boiled||[still]\n|-fail|p1a: Clefable|heal\n|\n|-end|p1a: Clefable|move: Future Sight\n|-damage|p1a: Clefable|59/100\n|-heal|p2a: Landorus|52/100 tox|[from] item: Leftovers\n|-heal|p1a: Clefable|65/100|[from] item: Leftovers\n|-damage|p2a: Landorus|40/100 tox|[from] psn\n|upkeep\n|turn|36\n|\n|t:|1790684331\n|move|p2a: Landorus|U-turn|p1a: Clefable\n|-resisted|p1a: Clefable\n|-damage|p1a: Clefable|57/100\n|\n|t:|1790684333\n|switch|p2a: Slowbro|Slowbro, M|59/100|[from] U-turn\n|move|p1a: Clefable|Soft-Boiled|p1a: Clefable\n|-heal|p1a: Clefable|100/100\n|\n|upkeep\n|turn|37\n|\n|t:|1790684345\n|switch|p1a: Tapu Koko|Tapu Koko|15/100\n|-fieldstart|move: Electric Terrain|[from] ability: Electric Surge|[of] p1a: Tapu Koko\n|move|p2a: Slowbro|Future Sight|p1a: Tapu Koko\n|-start|p2a: Slowbro|move: Future Sight\n|\n|upkeep\n|turn|38\n|inactive|damien the genius has 180 seconds left.\n|\n|t:|1790684358\n|switch|p2a: Zeraora|Zeraora|26/100\n|move|p1a: Tapu Koko|Roost|p1a: Tapu Koko\n|-heal|p1a: Tapu Koko|65/100\n|-singleturn|p1a: Tapu Koko|move: Roost\n|\n|upkeep\n|turn|39\n|inactive|damien the genius has 180 seconds left.\n|inactive|damien the genius has 150 seconds left.\n|inactive|damien the genius has 120 seconds left.\n|\n|t:|1790684433\n|switch|p1a: Clefable|Clefable, F|100/100\n|move|p2a: Zeraora|Plasma Fists|p1a: Clefable\n|-damage|p1a: Clefable|55/100\n|-fieldactivate|move: Ion Deluge\n|-hint|Normal-type moves become Electric-type after using Plasma Fists.\n|\n|-end|p1a: Clefable|move: Future Sight\n|-damage|p1a: Clefable|14/100\n|-heal|p1a: Clefable|20/100|[from] item: Leftovers\n|upkeep\n|turn|40\n|inactive|damien the genius has 120 seconds left.\n|inactive|Separation has 270 seconds left.\n|\n|t:|1790684459\n|switch|p1a: Gastrodon|Gastrodon, M|86/100\n|move|p2a: Zeraora|Plasma Fists|p1a: Gastrodon\n|-immune|p1a: Gastrodon\n|\n|upkeep\n|turn|41\n|inactive|damien the genius has 120 seconds left.\n|inactive|Separation has 270 seconds left.\n|\n|t:|1790684470\n|move|p2a: Zeraora|Close Combat|p1a: Gastrodon\n|-damage|p1a: Gastrodon|44/100\n|-unboost|p2a: Zeraora|def|1\n|-unboost|p2a: Zeraora|spd|1\n|move|p1a: Gastrodon|Recover|p1a: Gastrodon\n|-heal|p1a: Gastrodon|94/100\n|\n|-fieldend|move: Electric Terrain\n|upkeep\n|turn|42\n|\n|t:|1790684476\n|switch|p2a: Slowbro|Slowbro, M|92/100\n|move|p1a: Gastrodon|Scald|p2a: Slowbro\n|-resisted|p2a: Slowbro\n|-damage|p2a: Slowbro|82/100\n|\n|upkeep\n|turn|43\n|\n|t:|1790684491\n|switch|p1a: Clefable|Clefable, F|20/100\n|move|p2a: Slowbro|Future Sight|p1a: Clefable\n|-start|p2a: Slowbro|move: Future Sight\n|\n|-heal|p1a: Clefable|26/100|[from] item: Leftovers\n|upkeep\n|turn|44\n|\n|t:|1790684497\n|move|p1a: Clefable|Soft-Boiled|p1a: Clefable\n|-heal|p1a: Clefable|76/100\n|move|p2a: Slowbro|Thunder Wave|p1a: Clefable\n|-status|p1a: Clefable|par\n|\n|-heal|p1a: Clefable|82/100 par|[from] item: Leftovers\n|upkeep\n|turn|45\n|\n|t:|1790684504\n|move|p1a: Clefable|Aromatherapy|p1a: Clefable\n|-activate|p1a: Clefable|move: Aromatherapy\n|-curestatus|p1a: Clefable|par|[msg]\n|-curestatus|p1: Skarmory|par|[msg]\n|move|p2a: Slowbro|Teleport|p2a: Slowbro\n|\n|t:|1790684509\n|switch|p2a: Dragapult|Dragapult, F|88/100|[from] Teleport\n|\n|-end|p1a: Clefable|move: Future Sight\n|-damage|p1a: Clefable|42/100\n|-heal|p1a: Clefable|48/100|[from] item: Leftovers\n|upkeep\n|turn|46\n|inactive|damien the genius has 150 seconds left.\n|\n|t:|1790684519\n|switch|p1a: Gastrodon|Gastrodon, M|94/100\n|move|p2a: Dragapult|Shadow Ball|p1a: Gastrodon\n|-damage|p1a: Gastrodon|58/100\n|\n|upkeep\n|turn|47\n|\n|t:|1790684525\n|move|p2a: Dragapult|Shadow Ball|p1a: Gastrodon\n|-damage|p1a: Gastrodon|20/100\n|-unboost|p1a: Gastrodon|spd|1\n|move|p1a: Gastrodon|Recover|p1a: Gastrodon\n|-heal|p1a: Gastrodon|70/100\n|\n|upkeep\n|turn|48\n|inactive|damien the genius has 150 seconds left.\n|\n|t:|1790684561\n|switch|p1a: Clefable|Clefable, F|48/100\n|move|p2a: Dragapult|Shadow Ball|p1a: Clefable\n|-damage|p1a: Clefable|0 fnt\n|faint|p1a: Clefable\n|\n|upkeep\n|\n|t:|1790684563\n|switch|p1a: Tapu Koko|Tapu Koko|65/100\n|-fieldstart|move: Electric Terrain|[from] ability: Electric Surge|[of] p1a: Tapu Koko\n|turn|49\n|\n|t:|1790684579\n|switch|p2a: Heatran|Heatran, F|83/100\n|move|p1a: Tapu Koko|Volt Switch|p2a: Heatran\n|-damage|p2a: Heatran|60/100\n|\n|t:|1790684581\n|switch|p1a: Gastrodon|Gastrodon, M|70/100|[from] Volt Switch\n|\n|-heal|p2a: Heatran|66/100|[from] item: Leftovers\n|upkeep\n|turn|50\n|\n|t:|1790684606\n|switch|p2a: Buzzwole|Buzzwole|76/100\n|switch|p1a: Skarmory|Skarmory, M|39/100\n|\n|upkeep\n|turn|51\n|\n|t:|1790684622\n|move|p2a: Buzzwole|Close Combat|p1a: Skarmory\n|-damage|p1a: Skarmory|0 fnt\n|-unboost|p2a: Buzzwole|def|1\n|-unboost|p2a: Buzzwole|spd|1\n|-damage|p2a: Buzzwole|59/100|[from] item: Rocky Helmet|[of] p1a: Skarmory\n|faint|p1a: Skarmory\n|-ability|p2a: Buzzwole|Beast Boost|boost\n|-boost|p2a: Buzzwole|atk|1\n|\n|upkeep\n|c|\u2606damien the genius|gg\n|-message|damien the genius forfeited.\n|\n|win|Separation\n", "uploadtime": 1790684628, "views": "350", "formatid": "gen8ou", "rating": null, "private": 0, "password": null}