{"id": "smogtours-gen8ou-974835", "format": "[Gen 8] OU", "players": ["arkos51_.", "ROTS 021315"], "log": "|inactive|Battle timer is ON: inactive players will automatically lose when time's up.\n|t:|1790518405\n|gametype|singles\n|player|p1|arkos51_.|hexmaniac-gen6|\n|player|p2|ROTS 021315|unknown|\n|gen|8\n|tier|[Gen 8] OU\n|rule|HP Percentage Mod: HP is shown in percentages\n|rule|Endless Battle Clause: Forcing endless battles is banned\n|rule|Sleep Clause Mod: Limit one foe put to sleep\n|rule|Species Clause: Limit one of each Pok\u00e9mon\n|rule|OHKO Clause: OHKO moves are banned\n|rule|Evasion Items Clause: Evasion items are banned\n|rule|Evasion Moves Clause: Evasion moves are banned\n|rule|Dynamax Clause: You cannot dynamax\n|clearpoke\n|poke|p1|Corviknight, F|\n|poke|p1|Clefable, M|\n|poke|p1|Tornadus-Therian, M|\n|poke|p1|Toxapex, F|\n|poke|p1|Dragonite, F|\n|poke|p1|Gastrodon, F|\n|poke|p2|Landorus-Therian, M|\n|poke|p2|Ferrothorn, M|\n|poke|p2|Tapu Fini|\n|poke|p2|Weavile, M|\n|poke|p2|Heatran, M|\n|poke|p2|Zeraora|\n|teampreview\n|inactive|ROTS 021315 also wants the timer to be on.\n|c|\u2606arkos51_.|hf \n|c|\u2606ROTS 021315|Fk u\n|c|\u2606arkos51_.|:c\n|c|\u2606ROTS 021315|\"Hf\" \n|inactive|arkos51_. has 270 seconds left.\n|inactive|ROTS 021315 has 270 seconds left.\n|c|+shatoor0|LMAO\n|c|+Calmmind75|arkos51_.'s team:\n|c|+Calmmind75|Corviknight / Clefable / Tornadus-Therian / Toxapex / Dragonite / Gastrodon\n|c|+Calmmind75|\u2606arkos51_.: hf\n|inactive|arkos51_. has 240 seconds left.\n|inactive|ROTS 021315 has 240 seconds left.\n|\n|t:|1790518472\n|teamsize|p1|6\n|teamsize|p2|6\n|start\n|switch|p1a: Toxapex|Toxapex, F|100/100\n|switch|p2a: Weavile|Weavile, M|100/100\n|-ability|p2a: Weavile|Pressure\n|turn|1\n|\n|t:|1790518481\n|switch|p2a: Tapu Fini|Tapu Fini|100/100\n|-fieldstart|move: Misty Terrain|[from] ability: Misty Surge|[of] p2a: Tapu Fini\n|move|p1a: Toxapex|Knock Off|p2a: Tapu Fini\n|-resisted|p2a: Tapu Fini\n|-damage|p2a: Tapu Fini|95/100\n|-enditem|p2a: Tapu Fini|Leftovers|[from] move: Knock Off|[of] p1a: Toxapex\n|\n|upkeep\n|turn|2\n|\n|t:|1790518496\n|switch|p2a: Weavile|Weavile, M|100/100\n|-ability|p2a: Weavile|Pressure\n|switch|p1a: Gastrodon|Gastrodon, F|100/100\n|\n|upkeep\n|turn|3\n|\n|t:|1790518501\n|switch|p1a: Toxapex|Toxapex, F|100/100\n|move|p2a: Weavile|Knock Off|p1a: Toxapex\n|-damage|p1a: Toxapex|69/100\n|-damage|p2a: Weavile|84/100|[from] item: Rocky Helmet|[of] p1a: Toxapex\n|-enditem|p1a: Toxapex|Rocky Helmet|[from] move: Knock Off|[of] p2a: Weavile\n|\n|upkeep\n|turn|4\n|\n|t:|1790518509\n|move|p2a: Weavile|Swords Dance|p2a: Weavile\n|-boost|p2a: Weavile|atk|2\n|move|p1a: Toxapex|Poison Jab|p2a: Weavile\n|-damage|p2a: Weavile|50/100\n|\n|upkeep\n|turn|5\n|\n|t:|1790518513\n|move|p2a: Weavile|Knock Off|p1a: Toxapex\n|-damage|p1a: Toxapex|28/100\n|move|p1a: Toxapex|Recover|p1a: Toxapex\n|-heal|p1a: Toxapex|78/100\n|\n|-fieldend|Misty Terrain\n|upkeep\n|turn|6\n|\n|t:|1790518516\n|move|p2a: Weavile|Knock Off|p1a: Toxapex\n|-damage|p1a: Toxapex|42/100\n|move|p1a: Toxapex|Haze|p1a: Toxapex\n|-clearallboost\n|\n|upkeep\n|turn|7\n|\n|t:|1790518524\n|switch|p2a: Heatran|Heatran, M|100/100\n|-item|p2a: Heatran|Air Balloon\n|move|p1a: Toxapex|Recover|p1a: Toxapex\n|-heal|p1a: Toxapex|92/100\n|\n|upkeep\n|turn|8\n|\n|t:|1790518538\n|switch|p1a: Gastrodon|Gastrodon, F|100/100\n|move|p2a: Heatran|Magma Storm|p1a: Gastrodon\n|-resisted|p1a: Gastrodon\n|-damage|p1a: Gastrodon|83/100\n|-activate|p1a: Gastrodon|move: Magma Storm|[of] p2a: Heatran\n|\n|-heal|p1a: Gastrodon|89/100|[from] item: Leftovers\n|-damage|p1a: Gastrodon|77/100|[from] move: Magma Storm|[partiallytrapped]\n|upkeep\n|turn|9\n|\n|t:|1790518543\n|move|p2a: Heatran|Taunt|p1a: Gastrodon\n|-start|p1a: Gastrodon|move: Taunt\n|move|p1a: Gastrodon|Scald|p2a: Heatran\n|-supereffective|p2a: Heatran\n|-damage|p2a: Heatran|48/100\n|-enditem|p2a: Heatran|Air Balloon\n|\n|-heal|p1a: Gastrodon|83/100|[from] item: Leftovers\n|-damage|p1a: Gastrodon|70/100|[from] move: Magma Storm|[partiallytrapped]\n|upkeep\n|turn|10\n|\n|t:|1790518548\n|switch|p2a: Tapu Fini|Tapu Fini|95/100\n|-fieldstart|move: Misty Terrain|[from] ability: Misty Surge|[of] p2a: Tapu Fini\n|move|p1a: Gastrodon|Earthquake|p2a: Tapu Fini\n|-damage|p2a: Tapu Fini|73/100\n|\n|-heal|p1a: Gastrodon|76/100|[from] item: Leftovers\n|-end|p1a: Gastrodon|Magma Storm|[partiallytrapped]|[silent]\n|upkeep\n|turn|11\n|\n|t:|1790518564\n|switch|p2a: Ferrothorn|Ferrothorn, M|100/100\n|switch|p1a: Toxapex|Toxapex, F|100/100\n|\n|upkeep\n|turn|12\n|\n|t:|1790518569\n|move|p1a: Toxapex|Knock Off|p2a: Ferrothorn\n|-damage|p2a: Ferrothorn|91/100\n|-damage|p1a: Toxapex|88/100|[from] ability: Iron Barbs|[of] p2a: Ferrothorn\n|-enditem|p2a: Ferrothorn|Leftovers|[from] move: Knock Off|[of] p1a: Toxapex\n|move|p2a: Ferrothorn|Spikes|p1a: Toxapex\n|-sidestart|p1: arkos51_.|Spikes\n|\n|upkeep\n|turn|13\n|\n|t:|1790518573\n|switch|p1a: Clefable|Clefable, M|100/100\n|move|p2a: Ferrothorn|Spikes|p1a: Clefable\n|-sidestart|p1: arkos51_.|Spikes\n|\n|upkeep\n|turn|14\n|\n|t:|1790518577\n|move|p1a: Clefable|Stealth Rock|p2a: Ferrothorn\n|-sidestart|p2: ROTS 021315|move: Stealth Rock\n|move|p2a: Ferrothorn|Leech Seed|p1a: Clefable\n|-start|p1a: Clefable|move: Leech Seed\n|\n|-fieldend|Misty Terrain\n|upkeep\n|turn|15\n|\n|t:|1790518584\n|move|p1a: Clefable|Moonblast|p2a: Ferrothorn\n|-resisted|p2a: Ferrothorn\n|-damage|p2a: Ferrothorn|79/100\n|move|p2a: Ferrothorn|Thunder Wave|p1a: Clefable\n|-status|p1a: Clefable|par\n|\n|upkeep\n|turn|16\n|\n|t:|1790518592\n|switch|p2a: Landorus|Landorus-Therian, M|100/100\n|-damage|p2a: Landorus|88/100|[from] Stealth Rock\n|-ability|p2a: Landorus|Intimidate|boost\n|-unboost|p1a: Clefable|atk|1\n|move|p1a: Clefable|Trick|p2a: Landorus\n|-activate|p1a: Clefable|move: Trick|[of] p2a: Landorus\n|-item|p2a: Landorus|Sticky Barb|[from] move: Trick\n|-item|p1a: Clefable|Leftovers|[from] move: Trick\n|\n|-damage|p2a: Landorus|76/100|[from] item: Sticky Barb\n|upkeep\n|turn|17\n|\n|t:|1790518599\n|switch|p1a: Corviknight|Corviknight, F|100/100\n|-ability|p1a: Corviknight|Pressure\n|move|p2a: Landorus|Knock Off|p1a: Corviknight\n|-damage|p1a: Corviknight|75/100\n|-enditem|p1a: Corviknight|Leftovers|[from] move: Knock Off|[of] p2a: Landorus\n|\n|-damage|p2a: Landorus|64/100|[from] item: Sticky Barb\n|upkeep\n|turn|18\n|\n|t:|1790518610\n|move|p2a: Landorus|U-turn|p1a: Corviknight\n|-resisted|p1a: Corviknight\n|-damage|p1a: Corviknight|70/100\n|\n|t:|1790518613\n|switch|p2a: Zeraora|Zeraora|100/100|[from] U-turn\n|move|p1a: Corviknight|Substitute|p1a: Corviknight\n|-start|p1a: Corviknight|Substitute\n|-damage|p1a: Corviknight|45/100\n|\n|upkeep\n|turn|19\n|\n|t:|1790518619\n|move|p2a: Zeraora|Bulk Up|p2a: Zeraora\n|-boost|p2a: Zeraora|atk|1\n|-boost|p2a: Zeraora|def|1\n|move|p1a: Corviknight|Roost|p1a: Corviknight\n|-heal|p1a: Corviknight|95/100\n|-singleturn|p1a: Corviknight|move: Roost\n|\n|upkeep\n|turn|20\n|\n|t:|1790518626\n|switch|p1a: Dragonite|Dragonite, F|100/100\n|move|p2a: Zeraora|Bulk Up|p2a: Zeraora\n|-boost|p2a: Zeraora|atk|1\n|-boost|p2a: Zeraora|def|1\n|\n|upkeep\n|turn|21\n|\n|t:|1790518635\n|move|p2a: Zeraora|Plasma Fists|p1a: Dragonite\n|-damage|p1a: Dragonite|68/100\n|-fieldactivate|move: Ion Deluge\n|-hint|Normal-type moves become Electric-type after using Plasma Fists.\n|move|p1a: Dragonite|Earthquake|p2a: Zeraora\n|-supereffective|p2a: Zeraora\n|-damage|p2a: Zeraora|63/100\n|\n|upkeep\n|turn|22\n|\n|t:|1790518642\n|move|p2a: Zeraora|Plasma Fists|p1a: Dragonite\n|-damage|p1a: Dragonite|9/100\n|-fieldactivate|move: Ion Deluge\n|-hint|Normal-type moves become Electric-type after using Plasma Fists.\n|move|p1a: Dragonite|Roost|p1a: Dragonite\n|-heal|p1a: Dragonite|59/100\n|-singleturn|p1a: Dragonite|move: Roost\n|\n|upkeep\n|turn|23\n|\n|t:|1790518647\n|switch|p1a: Gastrodon|Gastrodon, F|76/100\n|-damage|p1a: Gastrodon|60/100|[from] Spikes\n|move|p2a: Zeraora|Plasma Fists|p1a: Gastrodon\n|-immune|p1a: Gastrodon\n|\n|-heal|p1a: Gastrodon|66/100|[from] item: Leftovers\n|upkeep\n|turn|24\n|\n|t:|1790518665\n|switch|p1a: Clefable|Clefable, M|100/100 par\n|move|p2a: Zeraora|Close Combat|p1a: Clefable\n|-resisted|p1a: Clefable\n|-damage|p1a: Clefable|65/100 par\n|-unboost|p2a: Zeraora|def|1\n|-unboost|p2a: Zeraora|spd|1\n|\n|-heal|p1a: Clefable|71/100 par|[from] item: Leftovers\n|upkeep\n|turn|25\n|\n|t:|1790518670\n|move|p2a: Zeraora|Plasma Fists|p1a: Clefable\n|-damage|p1a: Clefable|0 fnt\n|-fieldactivate|move: Ion Deluge\n|-hint|Normal-type moves become Electric-type after using Plasma Fists.\n|faint|p1a: Clefable\n|\n|upkeep\n|\n|t:|1790518687\n|switch|p1a: Dragonite|Dragonite, F|59/100\n|turn|26\n|\n|t:|1790518690\n|move|p2a: Zeraora|Plasma Fists|p1a: Dragonite\n|-damage|p1a: Dragonite|0 fnt\n|-fieldactivate|move: Ion Deluge\n|-hint|Normal-type moves become Electric-type after using Plasma Fists.\n|faint|p1a: Dragonite\n|\n|upkeep\n|\n|t:|1790518692\n|switch|p1a: Gastrodon|Gastrodon, F|66/100\n|-damage|p1a: Gastrodon|49/100|[from] Spikes\n|turn|27\n|\n|t:|1790518695\n|move|p2a: Zeraora|Close Combat|p1a: Gastrodon\n|-damage|p1a: Gastrodon|0 fnt\n|-unboost|p2a: Zeraora|def|1\n|-unboost|p2a: Zeraora|spd|1\n|faint|p1a: Gastrodon\n|\n|upkeep\n|c|\u2606arkos51_.|uh oh\n|c|\u2606arkos51_.|gg\n|-message|arkos51_. forfeited.\n|\n|win|ROTS 021315\n|c|\u2606ROTS 021315|Gf\n", "uploadtime": 1790518698, "views": "34", "formatid": "gen8ou", "rating": null, "private": 0, "password": null}