{"id": "smogtours-gen8ou-975820", "format": "[Gen 8] OU", "players": ["Clem", "Luigi"], "log": "|inactive|Battle timer is ON: inactive players will automatically lose when time's up.\n|t:|1790948708\n|gametype|singles\n|player|p1|Clem|#clementine3|\n|player|p2|Luigi|#luigi|\n|gen|8\n|tier|[Gen 8] OU\n|rule|HP Percentage Mod: HP is shown in percentages\n|rule|Endless Battle Clause: Forcing endless battles is banned\n|rule|Sleep Clause Mod: Limit one foe put to sleep\n|rule|Species Clause: Limit one of each Pok\u00e9mon\n|rule|OHKO Clause: OHKO moves are banned\n|rule|Evasion Items Clause: Evasion items are banned\n|rule|Evasion Moves Clause: Evasion moves are banned\n|rule|Dynamax Clause: You cannot dynamax\n|clearpoke\n|poke|p1|Volcanion|\n|poke|p1|Weavile, F|\n|poke|p1|Ferrothorn, M|\n|poke|p1|Landorus-Therian, M|\n|poke|p1|Dragapult, F|\n|poke|p1|Kartana|\n|poke|p2|Excadrill, M|\n|poke|p2|Tyranitar, F|\n|poke|p2|Ferrothorn, M|\n|poke|p2|Urshifu-*, F|\n|poke|p2|Zapdos|\n|poke|p2|Tapu Lele|\n|teampreview\n|c|\u2606Clem|hf\n|inactive|Clem has 270 seconds left.\n|inactive|Luigi has 270 seconds left.\n|inactive|Clem has 240 seconds left.\n|inactive|Luigi has 240 seconds left.\n|inactive|Luigi has 210 seconds left.\n|inactive|Luigi has 180 seconds left.\n|inactive|Luigi has 150 seconds left.\n|inactive|Luigi has 120 seconds left.\n|\n|t:|1790948904\n|teamsize|p1|6\n|teamsize|p2|6\n|start\n|switch|p1a: phantom dive|Dragapult, F|100/100\n|switch|p2a: Tapu Lele|Tapu Lele|100/100\n|-fieldstart|move: Psychic Terrain|[from] ability: Psychic Surge|[of] p2a: Tapu Lele\n|turn|1\n|inactive|Luigi has 150 seconds left.\n|inactive|Clem has 270 seconds left.\n|inactive|Clem has 240 seconds left.\n|\n|t:|1790948976\n|switch|p1a: abundant harvest|Landorus-Therian, M|100/100\n|-ability|p1a: abundant harvest|Intimidate|boost\n|-unboost|p2a: Tapu Lele|atk|1\n|move|p2a: Tapu Lele|Psychic|p1a: abundant harvest\n|-damage|p1a: abundant harvest|49/100\n|\n|-heal|p1a: abundant harvest|55/100|[from] item: Leftovers\n|upkeep\n|turn|2\n|inactive|Clem has 240 seconds left.\n|\n|t:|1790948998\n|switch|p2a: Ferrothorn|Ferrothorn, M|100/100\n|switch|p1a: spinning needles|Ferrothorn, M|100/100\n|\n|upkeep\n|turn|3\n|\n|t:|1790949005\n|move|p1a: spinning needles|Stealth Rock|p2a: Ferrothorn\n|-sidestart|p2: Luigi|move: Stealth Rock\n|move|p2a: Ferrothorn|Stealth Rock|p1a: spinning needles\n|-sidestart|p1: Clem|move: Stealth Rock\n|\n|upkeep\n|turn|4\n|\n|t:|1790949008\n|switch|p1a: jet geyser|Volcanion|100/100\n|switch|p2a: Zapdos|Zapdos|100/100\n|\n|upkeep\n|turn|5\n|inactive|Luigi has 150 seconds left.\n|\n|t:|1790949015\n|switch|p1a: abundant harvest|Landorus-Therian, M|55/100\n|-damage|p1a: abundant harvest|43/100|[from] Stealth Rock\n|-ability|p1a: abundant harvest|Intimidate|boost\n|-unboost|p2a: Zapdos|atk|1\n|move|p2a: Zapdos|Volt Switch|p1a: abundant harvest\n|-immune|p1a: abundant harvest\n|\n|-heal|p1a: abundant harvest|49/100|[from] item: Leftovers\n|-fieldend|move: Psychic Terrain\n|upkeep\n|turn|6\n|inactive|Luigi has 150 seconds left.\n|\n|t:|1790949028\n|move|p2a: Zapdos|Toxic|p1a: abundant harvest\n|-status|p1a: abundant harvest|tox\n|move|p1a: abundant harvest|Toxic|p2a: Zapdos\n|-status|p2a: Zapdos|tox\n|\n|-heal|p1a: abundant harvest|55/100 tox|[from] item: Leftovers\n|-damage|p2a: Zapdos|94/100 tox|[from] psn\n|-damage|p1a: abundant harvest|49/100 tox|[from] psn\n|upkeep\n|turn|7\n|\n|t:|1790949032\n|move|p2a: Zapdos|Heat Wave|p1a: abundant harvest\n|-damage|p1a: abundant harvest|29/100 tox\n|move|p1a: abundant harvest|U-turn|p2a: Zapdos\n|-resisted|p2a: Zapdos\n|-damage|p2a: Zapdos|85/100 tox\n|\n|t:|1790949038\n|switch|p1a: phantom dive|Dragapult, F|100/100|[from] U-turn\n|-damage|p1a: phantom dive|88/100|[from] Stealth Rock\n|\n|-damage|p2a: Zapdos|73/100 tox|[from] psn\n|upkeep\n|turn|8\n|\n|t:|1790949050\n|move|p1a: phantom dive|Draco Meteor|p2a: Zapdos\n|-crit|p2a: Zapdos\n|-damage|p2a: Zapdos|0 fnt\n|-unboost|p1a: phantom dive|spa|2\n|faint|p2a: Zapdos\n|\n|upkeep\n|inactive|Luigi has 150 seconds left.\n|inactive|Luigi has 120 seconds left.\n|\n|t:|1790949116\n|switch|p2a: Tyranitar|Tyranitar, F|100/100\n|-damage|p2a: Tyranitar|88/100|[from] Stealth Rock\n|-weather|Sandstorm|[from] ability: Sand Stream|[of] p2a: Tyranitar\n|turn|9\n|\n|t:|1790949129\n|switch|p1a: spinning needles|Ferrothorn, M|100/100\n|-damage|p1a: spinning needles|95/100|[from] Stealth Rock\n|move|p2a: Tyranitar|Superpower|p1a: spinning needles\n|-supereffective|p1a: spinning needles\n|-damage|p1a: spinning needles|14/100\n|-unboost|p2a: Tyranitar|atk|1\n|-unboost|p2a: Tyranitar|def|1\n|-damage|p2a: Tyranitar|76/100|[from] ability: Iron Barbs|[of] p1a: spinning needles\n|-damage|p2a: Tyranitar|59/100|[from] item: Rocky Helmet|[of] p1a: spinning needles\n|\n|-weather|Sandstorm|[upkeep]\n|upkeep\n|turn|10\n|\n|t:|1790949144\n|switch|p2a: Tapu Lele|Tapu Lele|100/100\n|-damage|p2a: Tapu Lele|88/100|[from] Stealth Rock\n|-fieldstart|move: Psychic Terrain|[from] ability: Psychic Surge|[of] p2a: Tapu Lele\n|switch|p1a: phantom dive|Dragapult, F|88/100\n|-damage|p1a: phantom dive|76/100|[from] Stealth Rock\n|\n|-weather|Sandstorm|[upkeep]\n|-damage|p2a: Tapu Lele|82/100|[from] Sandstorm\n|-damage|p1a: phantom dive|70/100|[from] Sandstorm\n|upkeep\n|turn|11\n|inactive|Clem has 270 seconds left.\n|\n|t:|1790949171\n|switch|p1a: abundant harvest|Landorus-Therian, M|29/100 tox\n|-damage|p1a: abundant harvest|17/100 tox|[from] Stealth Rock\n|-ability|p1a: abundant harvest|Intimidate|boost\n|-unboost|p2a: Tapu Lele|atk|1\n|move|p2a: Tapu Lele|Moonblast|p1a: abundant harvest\n|-damage|p1a: abundant harvest|0 fnt\n|faint|p1a: abundant harvest\n|\n|-weather|Sandstorm|[upkeep]\n|-damage|p2a: Tapu Lele|76/100|[from] Sandstorm\n|upkeep\n|inactive|Clem has 270 seconds left.\n|\n|t:|1790949178\n|switch|p1a: jet geyser|Volcanion|100/100\n|turn|12\n|inactive|Clem has 270 seconds left.\n|\n|t:|1790949191\n|switch|p2a: chest hair|Urshifu-Rapid-Strike, F|100/100\n|-damage|p2a: chest hair|94/100|[from] Stealth Rock\n|move|p1a: jet geyser|Steam Eruption|p2a: chest hair\n|-resisted|p2a: chest hair\n|-damage|p2a: chest hair|49/100\n|\n|-weather|Sandstorm|[upkeep]\n|-damage|p2a: chest hair|43/100|[from] Sandstorm\n|-damage|p1a: jet geyser|95/100|[from] Sandstorm\n|upkeep\n|turn|13\n|inactive|Luigi has 120 seconds left.\n|\n|t:|1790949215\n|move|p2a: chest hair|Close Combat|p1a: jet geyser\n|-damage|p1a: jet geyser|33/100\n|-unboost|p2a: chest hair|def|1\n|-unboost|p2a: chest hair|spd|1\n|move|p1a: jet geyser|Steam Eruption|p2a: chest hair\n|-resisted|p2a: chest hair\n|-crit|p2a: chest hair\n|-damage|p2a: chest hair|0 fnt\n|faint|p2a: chest hair\n|\n|-weather|none\n|upkeep\n|\n|t:|1790949231\n|switch|p2a: Excadrill|Excadrill, M|100/100\n|-damage|p2a: Excadrill|97/100|[from] Stealth Rock\n|turn|14\n|\n|t:|1790949236\n|switch|p1a: spinning needles|Ferrothorn, M|14/100\n|-damage|p1a: spinning needles|8/100|[from] Stealth Rock\n|move|p2a: Excadrill|Earthquake|p1a: spinning needles\n|-damage|p1a: spinning needles|0 fnt\n|faint|p1a: spinning needles\n|\n|-heal|p2a: Excadrill|100/100|[from] item: Leftovers\n|-fieldend|move: Psychic Terrain\n|upkeep\n|\n|t:|1790949258\n|switch|p1a: gale blade|Kartana|100/100\n|-damage|p1a: gale blade|94/100|[from] Stealth Rock\n|turn|15\n|inactive|Luigi has 120 seconds left.\n|inactive|Clem has 270 seconds left.\n|\n|t:|1790949283\n|switch|p1a: jet geyser|Volcanion|33/100\n|switch|p2a: Tapu Lele|Tapu Lele|76/100\n|-damage|p2a: Tapu Lele|63/100|[from] Stealth Rock\n|-fieldstart|move: Psychic Terrain|[from] ability: Psychic Surge|[of] p2a: Tapu Lele\n|\n|upkeep\n|turn|16\n|inactive|Clem has 270 seconds left.\n|inactive|Luigi has 90 seconds left.\n|inactive|Clem has 240 seconds left.\n|\n|t:|1790949325\n|move|p2a: Tapu Lele|Psychic|p1a: jet geyser\n|-damage|p1a: jet geyser|0 fnt\n|faint|p1a: jet geyser\n|\n|upkeep\n|\n|t:|1790949327\n|switch|p1a: tear away|Weavile, F|100/100\n|-ability|p1a: tear away|Pressure\n|turn|17\n|inactive|Luigi has 90 seconds left.\n|\n|t:|1790949344\n|switch|p2a: Tyranitar|Tyranitar, F|59/100\n|-damage|p2a: Tyranitar|47/100|[from] Stealth Rock\n|-weather|Sandstorm|[from] ability: Sand Stream|[of] p2a: Tyranitar\n|move|p1a: tear away|Swords Dance|p1a: tear away\n|-boost|p1a: tear away|atk|2\n|\n|-weather|Sandstorm|[upkeep]\n|-damage|p1a: tear away|94/100|[from] Sandstorm\n|upkeep\n|turn|18\n|\n|t:|1790949351\n|move|p1a: tear away|Triple Axel|p2a: Tyranitar\n|-damage|p2a: Tyranitar|28/100\n|-damage|p2a: Tyranitar|0 fnt\n|faint|p2a: Tyranitar\n|-hitcount|p2: Tyranitar|2\n|\n|-weather|Sandstorm|[upkeep]\n|-damage|p1a: tear away|88/100|[from] Sandstorm\n|upkeep\n|inactive|Luigi has 90 seconds left.\n|inactive|Luigi has 60 seconds left.\n|\n|t:|1790949398\n|switch|p2a: Excadrill|Excadrill, M|100/100\n|-damage|p2a: Excadrill|97/100|[from] Stealth Rock\n|turn|19\n|inactive|Clem has 270 seconds left.\n|inactive|Luigi has 60 seconds left.\n|inactive|Clem has 240 seconds left.\n|inactive|Clem has 210 seconds left.\n|\n|t:|1790949477\n|switch|p1a: phantom dive|Dragapult, F|70/100\n|-damage|p1a: phantom dive|58/100|[from] Stealth Rock\n|move|p2a: Excadrill|Earthquake|p1a: phantom dive\n|-damage|p1a: phantom dive|0 fnt\n|faint|p1a: phantom dive\n|\n|-weather|Sandstorm|[upkeep]\n|-heal|p2a: Excadrill|100/100|[from] item: Leftovers\n|-fieldend|move: Psychic Terrain\n|upkeep\n|\n|t:|1790949482\n|switch|p1a: gale blade|Kartana|94/100\n|-damage|p1a: gale blade|88/100|[from] Stealth Rock\n|turn|20\n|inactive|Luigi has 60 seconds left.\n|\n|t:|1790949489\n|move|p2a: Excadrill|Earthquake|p1a: gale blade\n|-damage|p1a: gale blade|30/100\n|move|p1a: gale blade|Sacred Sword|p2a: Excadrill\n|-supereffective|p2a: Excadrill\n|-damage|p2a: Excadrill|0 fnt\n|faint|p2a: Excadrill\n|-ability|p1a: gale blade|Beast Boost|boost\n|-boost|p1a: gale blade|atk|1\n|\n|-weather|Sandstorm|[upkeep]\n|upkeep\n|\n|t:|1790949492\n|switch|p2a: Ferrothorn|Ferrothorn, M|100/100\n|-damage|p2a: Ferrothorn|95/100|[from] Stealth Rock\n|turn|21\n|inactive|Clem has 210 seconds left.\n|\n|t:|1790949516\n|move|p1a: gale blade|Sacred Sword|p2a: Ferrothorn\n|-supereffective|p2a: Ferrothorn\n|-crit|p2a: Ferrothorn\n|-damage|p2a: Ferrothorn|0 fnt\n|-damage|p1a: gale blade|17/100|[from] ability: Iron Barbs|[of] p2a: Ferrothorn\n|-damage|p1a: gale blade|1/100|[from] item: Rocky Helmet|[of] p2a: Ferrothorn\n|faint|p2a: Ferrothorn\n|-ability|p1a: gale blade|Beast Boost|boost\n|-boost|p1a: gale blade|atk|1\n|\n|-weather|none\n|upkeep\n|\n|t:|1790949519\n|switch|p2a: Tapu Lele|Tapu Lele|63/100\n|-damage|p2a: Tapu Lele|51/100|[from] Stealth Rock\n|-fieldstart|move: Psychic Terrain|[from] ability: Psychic Surge|[of] p2a: Tapu Lele\n|turn|22\n|\n|t:|1790949529\n|move|p1a: gale blade|Sacred Sword|p2a: Tapu Lele\n|-resisted|p2a: Tapu Lele\n|-damage|p2a: Tapu Lele|22/100\n|move|p2a: Tapu Lele|Moonblast|p1a: gale blade\n|-resisted|p1a: gale blade\n|-damage|p1a: gale blade|0 fnt\n|faint|p1a: gale blade\n|\n|upkeep\n|\n|t:|1790949532\n|switch|p1a: tear away|Weavile, F|88/100\n|-ability|p1a: tear away|Pressure\n|turn|23\n|\n|t:|1790949533\n|move|p2a: Tapu Lele|Moonblast|p1a: tear away\n|-supereffective|p1a: tear away\n|-damage|p1a: tear away|0 fnt\n|faint|p1a: tear away\n|\n|win|Luigi\n|c|\u2606Clem|ggs\n|c|\u2606Luigi|gg\n|player|p1|\n", "uploadtime": 1790949533, "views": "132", "formatid": "gen8ou", "rating": null, "private": 0, "password": null}