{"id": "smogtours-gen8ou-977020", "format": "[Gen 8] OU", "players": ["pdt", "Cow"], "log": "|inactive|Battle timer is ON: inactive players will automatically lose when time's up.\n|t:|1791155350\n|gametype|singles\n|player|p1|pdt|#ndwcviussouth|\n|player|p2|Cow|#splxviitigers|\n|gen|8\n|tier|[Gen 8] OU\n|rule|HP Percentage Mod: HP is shown in percentages\n|rule|Endless Battle Clause: Forcing endless battles is banned\n|rule|Sleep Clause Mod: Limit one foe put to sleep\n|rule|Species Clause: Limit one of each Pok\u00e9mon\n|rule|OHKO Clause: OHKO moves are banned\n|rule|Evasion Items Clause: Evasion items are banned\n|rule|Evasion Moves Clause: Evasion moves are banned\n|rule|Dynamax Clause: You cannot dynamax\n|clearpoke\n|poke|p1|Tapu Fini|\n|poke|p1|Weavile, F|\n|poke|p1|Landorus-Therian, M|\n|poke|p1|Melmetal|\n|poke|p1|Zapdos|\n|poke|p1|Buzzwole|\n|poke|p2|Scizor, M|\n|poke|p2|Dragapult, M|\n|poke|p2|Landorus-Therian, M|\n|poke|p2|Urshifu-*, M|\n|poke|p2|Rillaboom, F|\n|poke|p2|Heatran, F|\n|teampreview\n|c|\u2606Cow|hf\n|c|\u2606pdt|hf\n|inactive|Cow has 270 seconds left.\n|\n|t:|1791155380\n|teamsize|p1|6\n|teamsize|p2|6\n|start\n|switch|p1a: Zapdos|Zapdos|100/100\n|switch|p2a: 673|Landorus-Therian, M|100/100\n|-ability|p2a: 673|Intimidate|boost\n|-unboost|p1a: Zapdos|atk|1\n|turn|1\n|\n|t:|1791155386\n|move|p1a: Zapdos|Hurricane|p2a: 673|[miss]\n|-miss|p1a: Zapdos|p2a: 673\n|move|p2a: 673|Toxic|p1a: Zapdos\n|-status|p1a: Zapdos|tox\n|\n|-damage|p1a: Zapdos|95/100 tox|[from] psn\n|upkeep\n|turn|2\n|\n|t:|1791155395\n|move|p1a: Zapdos|Hurricane|p2a: 673\n|-damage|p2a: 673|59/100\n|move|p2a: 673|U-turn|p1a: Zapdos\n|-resisted|p1a: Zapdos\n|-damage|p1a: Zapdos|82/100 tox\n|-status|p2a: 673|par|[from] ability: Static|[of] p1a: Zapdos\n|\n|t:|1791155408\n|switch|p2a: 672|Dragapult, M|100/100|[from] U-turn\n|\n|-damage|p1a: Zapdos|70/100 tox|[from] psn\n|upkeep\n|turn|3\n|\n|t:|1791155429\n|switch|p1a: Tapu Fini|Tapu Fini|100/100\n|-fieldstart|move: Misty Terrain|[from] ability: Misty Surge|[of] p1a: Tapu Fini\n|move|p2a: 672|Shadow Ball|p1a: Tapu Fini\n|-damage|p1a: Tapu Fini|62/100\n|-unboost|p1a: Tapu Fini|spd|1\n|\n|-heal|p1a: Tapu Fini|68/100|[from] item: Leftovers\n|upkeep\n|turn|4\n|inactive|Cow has 270 seconds left.\n|\n|t:|1791155456\n|switch|p2a: 671|Scizor, M|100/100\n|switch|p1a: Weavile|Weavile, F|100/100\n|-ability|p1a: Weavile|Pressure\n|\n|upkeep\n|turn|5\n|inactive|Cow has 270 seconds left.\n|\n|t:|1791155470\n|move|p1a: Weavile|Beat Up|p2a: 671\n|-damage|p2a: 671|89/100\n|-crit|p2a: 671\n|-damage|p2a: 671|75/100\n|-damage|p2a: 671|61/100\n|-damage|p2a: 671|47/100\n|-damage|p2a: 671|33/100\n|-hitcount|p2a: 671|5\n|move|p2a: 671|Knock Off|p1a: Weavile\n|-resisted|p1a: Weavile\n|-damage|p1a: Weavile|75/100\n|-enditem|p1a: Weavile|Choice Band|[from] move: Knock Off|[of] p2a: 671\n|\n|upkeep\n|turn|6\n|inactive|Cow has 270 seconds left.\n|\n|t:|1791155483\n|switch|p1a: Zapdos|Zapdos|70/100 tox\n|move|p2a: 671|Roost|p2a: 671\n|-heal|p2a: 671|83/100\n|-singleturn|p2a: 671|move: Roost\n|\n|-damage|p1a: Zapdos|64/100 tox|[from] psn\n|upkeep\n|turn|7\n|inactive|Cow has 270 seconds left.\n|\n|t:|1791155499\n|switch|p2a: 6767|Heatran, F|100/100\n|-item|p2a: 6767|Air Balloon\n|move|p1a: Zapdos|Volt Switch|p2a: 6767\n|-damage|p2a: 6767|68/100\n|-enditem|p2a: 6767|Air Balloon\n|\n|t:|1791155507\n|switch|p1a: Landorus|Landorus-Therian, M|100/100|[from] Volt Switch\n|-ability|p1a: Landorus|Intimidate|boost\n|-unboost|p2a: 6767|atk|1\n|\n|-fieldend|Misty Terrain\n|upkeep\n|turn|8\n|\n|t:|1791155513\n|move|p1a: Landorus|Stealth Rock|p2a: 6767\n|-sidestart|p2: Cow|move: Stealth Rock\n|move|p2a: 6767|Stealth Rock|p1a: Landorus\n|-sidestart|p1: pdt|move: Stealth Rock\n|\n|upkeep\n|turn|9\n|c|+Isza|Masters,\n|c|+Isza|?*\n|c|\u2606Cow|yuop\n|inactive|Cow has 270 seconds left.\n|c|\u2606Cow|yup\n|\n|t:|1791155543\n|move|p1a: Landorus|Earthquake|p2a: 6767\n|-supereffective|p2a: 6767\n|-damage|p2a: 6767|0 fnt\n|faint|p2a: 6767\n|\n|upkeep\n|\n|t:|1791155545\n|switch|p2a: 674|Urshifu-Rapid-Strike, M|100/100\n|-damage|p2a: 674|94/100|[from] Stealth Rock\n|turn|10\n|\n|t:|1791155557\n|switch|p1a: Zapdos|Zapdos|64/100 tox\n|move|p2a: 674|Surging Strikes|p1a: Zapdos\n|-crit|p1a: Zapdos\n|-damage|p1a: Zapdos|43/100 tox\n|-crit|p1a: Zapdos\n|-damage|p1a: Zapdos|22/100 tox\n|-crit|p1a: Zapdos\n|-damage|p1a: Zapdos|0 fnt\n|faint|p1a: Zapdos\n|-hitcount|p1: Zapdos|3\n|\n|upkeep\n|\n|t:|1791155570\n|switch|p1a: Tapu Fini|Tapu Fini|68/100\n|-damage|p1a: Tapu Fini|56/100|[from] Stealth Rock\n|-fieldstart|move: Misty Terrain|[from] ability: Misty Surge|[of] p1a: Tapu Fini\n|turn|11\n|\n|t:|1791155577\n|move|p2a: 674|U-turn|p1a: Tapu Fini\n|-resisted|p1a: Tapu Fini\n|-damage|p1a: Tapu Fini|47/100\n|\n|t:|1791155583\n|switch|p2a: 671|Scizor, M|83/100|[from] U-turn\n|move|p1a: Tapu Fini|Moonblast|p2a: 671\n|-resisted|p2a: 671\n|-damage|p2a: 671|68/100\n|-unboost|p2a: 671|spa|1\n|\n|-heal|p1a: Tapu Fini|53/100|[from] item: Leftovers\n|upkeep\n|turn|12\n|\n|t:|1791155599\n|move|p1a: Tapu Fini|Whirlpool|p2a: 671\n|-damage|p2a: 671|58/100\n|-activate|p2a: 671|move: Whirlpool|[of] p1a: Tapu Fini\n|move|p2a: 671|Roost|p2a: 671\n|-heal|p2a: 671|100/100\n|-singleturn|p2a: 671|move: Roost\n|\n|-heal|p1a: Tapu Fini|60/100|[from] item: Leftovers\n|-damage|p2a: 671|88/100|[from] move: Whirlpool|[partiallytrapped]\n|upkeep\n|turn|13\n|\n|t:|1791155604\n|move|p1a: Tapu Fini|Nature's Madness|p2a: 671\n|-damage|p2a: 671|45/100\n|move|p2a: 671|Knock Off|p1a: Tapu Fini\n|-resisted|p1a: Tapu Fini\n|-damage|p1a: Tapu Fini|50/100\n|-enditem|p1a: Tapu Fini|Leftovers|[from] move: Knock Off|[of] p2a: 671\n|\n|-damage|p2a: 671|32/100|[from] move: Whirlpool|[partiallytrapped]\n|upkeep\n|turn|14\n|\n|t:|1791155619\n|move|p2a: 671|Bullet Punch|p1a: Tapu Fini\n|-damage|p1a: Tapu Fini|30/100\n|move|p1a: Tapu Fini|Moonblast|p2a: 671\n|-resisted|p2a: 671\n|-damage|p2a: 671|17/100\n|\n|-damage|p2a: 671|4/100|[from] move: Whirlpool|[partiallytrapped]\n|upkeep\n|turn|15\n|\n|t:|1791155624\n|move|p2a: 671|Bullet Punch|p1a: Tapu Fini\n|-damage|p1a: Tapu Fini|11/100\n|move|p1a: Tapu Fini|Moonblast|p2a: 671\n|-resisted|p2a: 671\n|-damage|p2a: 671|0 fnt\n|faint|p2a: 671\n|\n|-fieldend|Misty Terrain\n|upkeep\n|\n|t:|1791155629\n|switch|p2a: 674|Urshifu-Rapid-Strike, M|94/100\n|-damage|p2a: 674|88/100|[from] Stealth Rock\n|turn|16\n|\n|t:|1791155634\n|move|p2a: 674|Surging Strikes|p1a: Tapu Fini\n|-resisted|p1a: Tapu Fini\n|-crit|p1a: Tapu Fini\n|-damage|p1a: Tapu Fini|4/100\n|-resisted|p1a: Tapu Fini\n|-crit|p1a: Tapu Fini\n|-damage|p1a: Tapu Fini|0 fnt\n|faint|p1a: Tapu Fini\n|-hitcount|p1: Tapu Fini|2\n|\n|upkeep\n|\n|t:|1791155636\n|switch|p1a: Buzzwole|Buzzwole|100/100\n|-damage|p1a: Buzzwole|88/100|[from] Stealth Rock\n|turn|17\n|\n|t:|1791155652\n|move|p2a: 674|U-turn|p1a: Buzzwole\n|-resisted|p1a: Buzzwole\n|-damage|p1a: Buzzwole|80/100\n|\n|t:|1791155654\n|switch|p2a: 673|Landorus-Therian, M|59/100 par|[from] U-turn\n|-damage|p2a: 673|46/100 par|[from] Stealth Rock\n|-ability|p2a: 673|Intimidate|boost\n|-unboost|p1a: Buzzwole|atk|1\n|move|p1a: Buzzwole|Leech Life|p2a: 673\n|-resisted|p2a: 673\n|-damage|p2a: 673|25/100 par\n|-heal|p1a: Buzzwole|91/100|[from] drain|[of] p2a: 673\n|\n|-heal|p2a: 673|31/100 par|[from] item: Leftovers\n|upkeep\n|turn|18\n|\n|t:|1791155680\n|move|p1a: Buzzwole|Leech Life|p2a: 673\n|-resisted|p2a: 673\n|-damage|p2a: 673|9/100 par\n|-heal|p1a: Buzzwole|100/100|[from] drain|[of] p2a: 673\n|move|p2a: 673|Earthquake|p1a: Buzzwole\n|-resisted|p1a: Buzzwole\n|-damage|p1a: Buzzwole|86/100\n|\n|-heal|p2a: 673|15/100 par|[from] item: Leftovers\n|upkeep\n|turn|19\n|\n|t:|1791155688\n|move|p1a: Buzzwole|Leech Life|p2a: 673\n|-resisted|p2a: 673\n|-damage|p2a: 673|0 fnt\n|-heal|p1a: Buzzwole|93/100|[from] drain|[of] p2a: 673\n|faint|p2a: 673\n|-ability|p1a: Buzzwole|Beast Boost|boost\n|-boost|p1a: Buzzwole|atk|1\n|\n|upkeep\n|\n|t:|1791155695\n|switch|p2a: 672|Dragapult, M|100/100\n|-damage|p2a: 672|88/100|[from] Stealth Rock\n|turn|20\n|\n|t:|1791155708\n|switch|p1a: Landorus|Landorus-Therian, M|100/100\n|-damage|p1a: Landorus|88/100|[from] Stealth Rock\n|-ability|p1a: Landorus|Intimidate|boost\n|-unboost|p2a: 672|atk|1\n|move|p2a: 672|U-turn|p1a: Landorus\n|-resisted|p1a: Landorus\n|-damage|p1a: Landorus|83/100\n|\n|t:|1791155709\n|switch|p2a: 674|Urshifu-Rapid-Strike, M|88/100|[from] U-turn\n|-damage|p2a: 674|82/100|[from] Stealth Rock\n|\n|-heal|p1a: Landorus|89/100|[from] item: Leftovers\n|upkeep\n|turn|21\n|\n|t:|1791155725\n|switch|p1a: Melmetal|Melmetal|100/100\n|-damage|p1a: Melmetal|94/100|[from] Stealth Rock\n|move|p2a: 674|Surging Strikes|p1a: Melmetal\n|-crit|p1a: Melmetal\n|-damage|p1a: Melmetal|84/100\n|-crit|p1a: Melmetal\n|-damage|p1a: Melmetal|72/100\n|-crit|p1a: Melmetal\n|-damage|p1a: Melmetal|61/100\n|-hitcount|p1a: Melmetal|3\n|\n|-heal|p1a: Melmetal|67/100|[from] item: Leftovers\n|upkeep\n|turn|22\n|inactive|Cow has 270 seconds left.\n|\n|t:|1791155763\n|switch|p1a: Buzzwole|Buzzwole|93/100\n|-damage|p1a: Buzzwole|81/100|[from] Stealth Rock\n|move|p2a: 674|Close Combat|p1a: Buzzwole\n|-resisted|p1a: Buzzwole\n|-damage|p1a: Buzzwole|60/100\n|-unboost|p2a: 674|def|1\n|-unboost|p2a: 674|spd|1\n|\n|upkeep\n|turn|23\n|inactive|Cow has 270 seconds left.\n|\n|t:|1791155776\n|move|p2a: 674|U-turn|p1a: Buzzwole\n|-resisted|p1a: Buzzwole\n|-damage|p1a: Buzzwole|51/100\n|\n|t:|1791155778\n|switch|p2a: 672|Dragapult, M|88/100|[from] U-turn\n|-damage|p2a: 672|76/100|[from] Stealth Rock\n|move|p1a: Buzzwole|Leech Life|p2a: 672\n|-resisted|p2a: 672\n|-damage|p2a: 672|24/100\n|-heal|p1a: Buzzwole|74/100|[from] drain|[of] p2a: 672\n|\n|upkeep\n|turn|24\n|\n|t:|1791155783\n|switch|p1a: Landorus|Landorus-Therian, M|89/100\n|-damage|p1a: Landorus|77/100|[from] Stealth Rock\n|-ability|p1a: Landorus|Intimidate|boost\n|-unboost|p2a: 672|atk|1\n|move|p2a: 672|Shadow Ball|p1a: Landorus\n|-damage|p1a: Landorus|36/100\n|\n|-heal|p1a: Landorus|42/100|[from] item: Leftovers\n|upkeep\n|turn|25\n|inactive|Cow has 270 seconds left.\n|inactive|pdt has 270 seconds left.\n|inactive|Cow has 240 seconds left.\n|\n|t:|1791155863\n|move|p2a: 672|Shadow Ball|p1a: Landorus\n|-damage|p1a: Landorus|7/100\n|move|p1a: Landorus|U-turn|p2a: 672\n|-resisted|p2a: 672\n|-damage|p2a: 672|8/100\n|\n|t:|1791155867\n|switch|p1a: Weavile|Weavile, F|75/100|[from] U-turn\n|-damage|p1a: Weavile|50/100|[from] Stealth Rock\n|-ability|p1a: Weavile|Pressure\n|\n|upkeep\n|turn|26\n|inactive|Cow has 210 seconds left.\n|\n|t:|1791155896\n|switch|p2a: 674|Urshifu-Rapid-Strike, M|82/100\n|-damage|p2a: 674|76/100|[from] Stealth Rock\n|move|p1a: Weavile|Ice Shard|p2a: 674\n|-resisted|p2a: 674\n|-damage|p2a: 674|65/100\n|\n|upkeep\n|turn|27\n|inactive|pdt has 270 seconds left.\n|\n|t:|1791155927\n|switch|p1a: Landorus|Landorus-Therian, M|7/100\n|-damage|p1a: Landorus|0 fnt|[from] Stealth Rock\n|faint|p1a: Landorus\n|move|p2a: 674|Surging Strikes|p1: Landorus|[notarget]\n|-fail|p2a: 674\n|\n|upkeep\n|\n|t:|1791155930\n|switch|p1a: Buzzwole|Buzzwole|74/100\n|-damage|p1a: Buzzwole|62/100|[from] Stealth Rock\n|turn|28\n|inactive|pdt has 270 seconds left.\n|inactive|Cow has 210 seconds left.\n|inactive|Cow has 180 seconds left.\n|\n|t:|1791156014\n|move|p2a: 674|U-turn|p1a: Buzzwole\n|-resisted|p1a: Buzzwole\n|-damage|p1a: Buzzwole|53/100\n|\n|t:|1791156017\n|switch|p2a: 672|Dragapult, M|8/100|[from] U-turn\n|-damage|p2a: 672|0 fnt|[from] Stealth Rock\n|faint|p2a: 672\n|move|p1a: Buzzwole|Close Combat|p2: 672|[notarget]\n|-fail|p1a: Buzzwole\n|\n|upkeep\n|\n|t:|1791156024\n|switch|p2a: 675|Rillaboom, F|100/100\n|-damage|p2a: 675|88/100|[from] Stealth Rock\n|-fieldstart|move: Grassy Terrain|[from] ability: Grassy Surge|[of] p2a: 675\n|turn|29\n|\n|t:|1791156044\n|switch|p1a: Weavile|Weavile, F|50/100\n|-damage|p1a: Weavile|25/100|[from] Stealth Rock\n|-ability|p1a: Weavile|Pressure\n|move|p2a: 675|Grassy Glide|p1a: Weavile\n|-damage|p1a: Weavile|0 fnt\n|faint|p1a: Weavile\n|-damage|p2a: 675|78/100|[from] item: Life Orb\n|\n|-heal|p2a: 675|84/100|[from] Grassy Terrain\n|upkeep\n|\n|t:|1791156047\n|switch|p1a: Buzzwole|Buzzwole|53/100\n|-damage|p1a: Buzzwole|41/100|[from] Stealth Rock\n|turn|30\n|inactive|Cow has 150 seconds left.\n|\n|t:|1791156069\n|move|p2a: 675|Grassy Glide|p1a: Buzzwole\n|-resisted|p1a: Buzzwole\n|-damage|p1a: Buzzwole|20/100\n|-damage|p2a: 675|74/100|[from] item: Life Orb\n|move|p1a: Buzzwole|Leech Life|p2a: 675\n|-supereffective|p2a: 675\n|-damage|p2a: 675|0 fnt\n|-heal|p1a: Buzzwole|54/100|[from] drain|[of] p2a: 675\n|faint|p2a: 675\n|-ability|p1a: Buzzwole|Beast Boost|boost\n|-boost|p1a: Buzzwole|atk|1\n|\n|-heal|p1a: Buzzwole|60/100|[from] Grassy Terrain\n|upkeep\n|\n|t:|1791156071\n|switch|p2a: 674|Urshifu-Rapid-Strike, M|65/100\n|-damage|p2a: 674|59/100|[from] Stealth Rock\n|turn|31\n|\n|t:|1791156076\n|move|p2a: 674|Surging Strikes|p1a: Buzzwole\n|-crit|p1a: Buzzwole\n|-damage|p1a: Buzzwole|46/100\n|-crit|p1a: Buzzwole\n|-damage|p1a: Buzzwole|32/100\n|-crit|p1a: Buzzwole\n|-damage|p1a: Buzzwole|19/100\n|-hitcount|p1a: Buzzwole|3\n|move|p1a: Buzzwole|Leech Life|p2a: 674\n|-resisted|p2a: 674\n|-damage|p2a: 674|8/100\n|-heal|p1a: Buzzwole|43/100|[from] drain|[of] p2a: 674\n|\n|-heal|p2a: 674|14/100|[from] Grassy Terrain\n|-heal|p1a: Buzzwole|49/100|[from] Grassy Terrain\n|upkeep\n|turn|32\n|\n|t:|1791156081\n|move|p2a: 674|Surging Strikes|p1a: Buzzwole\n|-crit|p1a: Buzzwole\n|-damage|p1a: Buzzwole|35/100\n|-crit|p1a: Buzzwole\n|-damage|p1a: Buzzwole|20/100\n|-crit|p1a: Buzzwole\n|-damage|p1a: Buzzwole|6/100\n|-hitcount|p1a: Buzzwole|3\n|move|p1a: Buzzwole|Leech Life|p2a: 674\n|-resisted|p2a: 674\n|-damage|p2a: 674|0 fnt\n|-heal|p1a: Buzzwole|12/100|[from] drain|[of] p2a: 674\n|faint|p2a: 674\n|\n|win|pdt\n|c|\u2606Cow|gg\n|c|\u2606pdt|gg\n", "uploadtime": 1791156081, "views": "48", "formatid": "gen8ou", "rating": null, "private": 0, "password": null}