{"id": "smogtours-gen8ou-977314", "format": "[Gen 8] OU", "players": ["weathwy", "13th Nu"], "log": "|inactive|Battle timer is ON: inactive players will automatically lose when time's up.\n|badge|p1|bronze|gen9ou|100-11\n|uhtml|medal-msg|<div class=\"broadcast-blue\">Curious what those medals under the avatar are? PS now has Ladder Seasons! For more information, check out the <a href=\"https://www.smogon.com/forums/threads/3740067/\">thread on Smogon.</a></div>\n|t:|1791303447\n|gametype|singles\n|player|p1|weathwy|lucas|\n|player|p2|13th Nu|170|\n|gen|8\n|tier|[Gen 8] OU\n|rule|HP Percentage Mod: HP is shown in percentages\n|rule|Endless Battle Clause: Forcing endless battles is banned\n|rule|Sleep Clause Mod: Limit one foe put to sleep\n|rule|Species Clause: Limit one of each Pok\u00e9mon\n|rule|OHKO Clause: OHKO moves are banned\n|rule|Evasion Items Clause: Evasion items are banned\n|rule|Evasion Moves Clause: Evasion moves are banned\n|rule|Dynamax Clause: You cannot dynamax\n|clearpoke\n|poke|p1|Rillaboom, M|\n|poke|p1|Scizor, M|\n|poke|p1|Clefable, F|\n|poke|p1|Slowking, M|\n|poke|p1|Tornadus-Therian, M|\n|poke|p1|Hippowdon, M|\n|poke|p2|Slowking-Galar, M|\n|poke|p2|Weavile, F|\n|poke|p2|Tornadus-Therian, M|\n|poke|p2|Urshifu-*, F|\n|poke|p2|Ferrothorn, M|\n|poke|p2|Garchomp, M|\n|teampreview\n|c|\u260613th Nu|glhf\n|c|\u2606weathwy|u2\n|inactive|13th Nu has 270 seconds left.\n|inactive|13th Nu has 240 seconds left.\n|\n|t:|1791303514\n|teamsize|p1|6\n|teamsize|p2|6\n|start\n|switch|p1a: Hippowdon|Hippowdon, M|100/100\n|switch|p2a: Tornadus|Tornadus-Therian, M|100/100\n|-weather|Sandstorm|[from] ability: Sand Stream|[of] p1a: Hippowdon\n|turn|1\n|\n|t:|1791303536\n|move|p2a: Tornadus|Taunt|p1a: Hippowdon\n|-start|p1a: Hippowdon|move: Taunt\n|cant|p1a: Hippowdon|move: Taunt|Stealth Rock\n|\n|-weather|Sandstorm|[upkeep]\n|-damage|p2a: Tornadus|94/100|[from] Sandstorm\n|upkeep\n|turn|2\n|\n|t:|1791303552\n|switch|p1a: Slowking|Slowking, M|100/100\n|move|p2a: Tornadus|Knock Off|p1a: Slowking\n|-supereffective|p1a: Slowking\n|-damage|p1a: Slowking|67/100\n|-enditem|p1a: Slowking|Heavy-Duty Boots|[from] move: Knock Off|[of] p2a: Tornadus\n|\n|-weather|Sandstorm|[upkeep]\n|-damage|p2a: Tornadus|88/100|[from] Sandstorm\n|-damage|p1a: Slowking|61/100|[from] Sandstorm\n|upkeep\n|turn|3\n|inactive|13th Nu has 270 seconds left.\n|\n|t:|1791303593\n|switch|p2a: Ferrothorn|Ferrothorn, M|100/100\n|move|p1a: Slowking|Scald|p2a: Ferrothorn\n|-resisted|p2a: Ferrothorn\n|-damage|p2a: Ferrothorn|88/100\n|\n|-weather|Sandstorm|[upkeep]\n|-damage|p1a: Slowking|55/100|[from] Sandstorm\n|-heal|p2a: Ferrothorn|94/100|[from] item: Leftovers\n|upkeep\n|turn|4\n|\n|t:|1791303602\n|switch|p2a: Slowking|Slowking-Galar, M|100/100\n|switch|p1a: Tornadus|Tornadus-Therian, M|100/100\n|\n|-weather|Sandstorm|[upkeep]\n|-damage|p1a: Tornadus|94/100|[from] Sandstorm\n|-damage|p2a: Slowking|94/100|[from] Sandstorm\n|upkeep\n|turn|5\n|inactive|13th Nu has 270 seconds left.\n|\n|t:|1791303610\n|move|p1a: Tornadus|U-turn|p2a: Slowking\n|-damage|p2a: Slowking|78/100\n|\n|t:|1791303614\n|switch|p1a: Hippowdon|Hippowdon, M|100/100|[from] U-turn\n|move|p2a: Slowking|Sludge Bomb|p1a: Hippowdon\n|-resisted|p1a: Hippowdon\n|-damage|p1a: Hippowdon|84/100\n|-status|p1a: Hippowdon|psn\n|\n|-weather|none\n|-heal|p1a: Hippowdon|90/100 psn|[from] item: Leftovers\n|-damage|p1a: Hippowdon|77/100 psn|[from] psn\n|upkeep\n|turn|6\n|\n|t:|1791303621\n|switch|p2a: Urshifu|Urshifu-Rapid-Strike, F|100/100\n|move|p1a: Hippowdon|Stealth Rock|p2a: Urshifu\n|-sidestart|p2: 13th Nu|move: Stealth Rock\n|\n|-heal|p1a: Hippowdon|84/100 psn|[from] item: Leftovers\n|-damage|p1a: Hippowdon|71/100 psn|[from] psn\n|upkeep\n|turn|7\n|\n|t:|1791303630\n|switch|p1a: Tornadus|Tornadus-Therian, M|100/100\n|move|p2a: Urshifu|U-turn|p1a: Tornadus\n|-resisted|p1a: Tornadus\n|-damage|p1a: Tornadus|82/100\n|\n|t:|1791303637\n|switch|p2a: Weavile|Weavile, F|100/100|[from] U-turn\n|-ability|p2a: Weavile|Pressure\n|\n|upkeep\n|turn|8\n|inactive|weathwy has 270 seconds left.\n|\n|t:|1791303678\n|switch|p1a: Scizor|Scizor, M|100/100\n|move|p2a: Weavile|Knock Off|p1a: Scizor\n|-damage|p1a: Scizor|67/100\n|-enditem|p1a: Scizor|Leftovers|[from] move: Knock Off|[of] p2a: Weavile\n|\n|upkeep\n|turn|9\n|inactive|13th Nu has 270 seconds left.\n|\n|t:|1791303716\n|switch|p2a: Ferrothorn|Ferrothorn, M|94/100\n|-damage|p2a: Ferrothorn|88/100|[from] Stealth Rock\n|move|p1a: Scizor|Roost|p1a: Scizor\n|-heal|p1a: Scizor|100/100\n|-singleturn|p1a: Scizor|move: Roost\n|\n|-heal|p2a: Ferrothorn|94/100|[from] item: Leftovers\n|upkeep\n|turn|10\n|inactive|weathwy has 270 seconds left.\n|\n|t:|1791303738\n|switch|p1a: Tornadus|Tornadus-Therian, M|100/100\n|move|p2a: Ferrothorn|Thunder Wave|p1a: Tornadus\n|-status|p1a: Tornadus|par\n|\n|-heal|p2a: Ferrothorn|100/100|[from] item: Leftovers\n|upkeep\n|turn|11\n|\n|t:|1791303742\n|switch|p2a: Slowking|Slowking-Galar, M|100/100\n|-damage|p2a: Slowking|88/100|[from] Stealth Rock\n|cant|p1a: Tornadus|par\n|\n|upkeep\n|turn|12\n|inactive|13th Nu has 270 seconds left.\n|\n|t:|1791303767\n|switch|p2a: Weavile|Weavile, F|100/100\n|-ability|p2a: Weavile|Pressure\n|move|p1a: Tornadus|U-turn|p2a: Weavile\n|-supereffective|p2a: Weavile\n|-damage|p2a: Weavile|53/100\n|\n|t:|1791303776\n|switch|p1a: Clefable|Clefable, F|100/100|[from] U-turn\n|\n|upkeep\n|turn|13\n|\n|t:|1791303781\n|switch|p2a: Slowking|Slowking-Galar, M|100/100\n|-damage|p2a: Slowking|88/100|[from] Stealth Rock\n|move|p1a: Clefable|Aromatherapy|p1a: Clefable\n|-activate|p1a: Clefable|move: Aromatherapy\n|-curestatus|p1: Tornadus|par|[msg]\n|-curestatus|p1: Hippowdon|psn|[msg]\n|\n|upkeep\n|turn|14\n|\n|t:|1791303790\n|switch|p1a: Slowking|Slowking, M|88/100\n|move|p2a: Slowking|Future Sight|p1a: Slowking\n|-start|p2a: Slowking|move: Future Sight\n|\n|upkeep\n|turn|15\n|inactive|13th Nu has 270 seconds left.\n|\n|t:|1791303807\n|move|p2a: Slowking|Sludge Bomb|p1a: Slowking\n|-damage|p1a: Slowking|60/100\n|move|p1a: Slowking|Scald|p2a: Slowking\n|-damage|p2a: Slowking|74/100\n|\n|upkeep\n|turn|16\n|inactive|13th Nu has 270 seconds left.\n|\n|t:|1791303824\n|move|p2a: Slowking|Psyshock|p1a: Slowking\n|-resisted|p1a: Slowking\n|-damage|p1a: Slowking|41/100\n|move|p1a: Slowking|Slack Off|p1a: Slowking\n|-heal|p1a: Slowking|91/100\n|\n|-end|p1a: Slowking|move: Future Sight\n|-resisted|p1a: Slowking\n|-damage|p1a: Slowking|74/100\n|upkeep\n|turn|17\n|inactive|13th Nu has 270 seconds left.\n|\n|t:|1791303831\n|move|p2a: Slowking|Future Sight|p1a: Slowking\n|-start|p2a: Slowking|move: Future Sight\n|move|p1a: Slowking|Scald|p2a: Slowking\n|-damage|p2a: Slowking|59/100\n|\n|upkeep\n|turn|18\n|\n|t:|1791303833\n|switch|p2a: Ferrothorn|Ferrothorn, M|100/100\n|-damage|p2a: Ferrothorn|94/100|[from] Stealth Rock\n|move|p1a: Slowking|Scald|p2a: Ferrothorn\n|-resisted|p2a: Ferrothorn\n|-damage|p2a: Ferrothorn|82/100\n|-status|p2a: Ferrothorn|brn\n|\n|-heal|p2a: Ferrothorn|89/100 brn|[from] item: Leftovers\n|-damage|p2a: Ferrothorn|82/100 brn|[from] brn\n|upkeep\n|turn|19\n|\n|t:|1791303840\n|move|p2a: Ferrothorn|Spikes|p1a: Slowking\n|-sidestart|p1: weathwy|Spikes\n|move|p1a: Slowking|Teleport|p1a: Slowking\n|\n|t:|1791303843\n|switch|p1a: Tornadus|Tornadus-Therian, M|100/100|[from] Teleport\n|\n|-end|p1a: Tornadus|move: Future Sight\n|-damage|p1a: Tornadus|36/100\n|-heal|p2a: Ferrothorn|89/100 brn|[from] item: Leftovers\n|-damage|p2a: Ferrothorn|82/100 brn|[from] brn\n|upkeep\n|turn|20\n|\n|t:|1791303861\n|switch|p2a: Garchomp|Garchomp, M|100/100\n|-damage|p2a: Garchomp|94/100|[from] Stealth Rock\n|move|p1a: Tornadus|U-turn|p2a: Garchomp\n|-damage|p2a: Garchomp|82/100\n|-damage|p1a: Tornadus|24/100|[from] ability: Rough Skin|[of] p2a: Garchomp\n|\n|t:|1791303871\n|switch|p1a: Clefable|Clefable, F|100/100|[from] U-turn\n|\n|-heal|p2a: Garchomp|88/100|[from] item: Leftovers\n|upkeep\n|turn|21\n|\n|t:|1791303887\n|switch|p2a: Slowking|Slowking-Galar, M|92/100\n|-damage|p2a: Slowking|80/100|[from] Stealth Rock\n|move|p1a: Clefable|Moonblast|p2a: Slowking\n|-resisted|p2a: Slowking\n|-damage|p2a: Slowking|72/100\n|\n|upkeep\n|turn|22\n|\n|t:|1791303892\n|switch|p1a: Slowking|Slowking, M|100/100\n|-damage|p1a: Slowking|88/100|[from] Spikes\n|move|p2a: Slowking|Future Sight|p1a: Slowking\n|-start|p2a: Slowking|move: Future Sight\n|\n|upkeep\n|turn|23\n|\n|t:|1791303897\n|switch|p2a: Ferrothorn|Ferrothorn, M|82/100 brn\n|-damage|p2a: Ferrothorn|76/100 brn|[from] Stealth Rock\n|move|p1a: Slowking|Scald|p2a: Ferrothorn\n|-resisted|p2a: Ferrothorn\n|-damage|p2a: Ferrothorn|65/100 brn\n|\n|-heal|p2a: Ferrothorn|72/100 brn|[from] item: Leftovers\n|-damage|p2a: Ferrothorn|65/100 brn|[from] brn\n|upkeep\n|turn|24\n|\n|t:|1791303903\n|move|p2a: Ferrothorn|Spikes|p1a: Slowking\n|-sidestart|p1: weathwy|Spikes\n|move|p1a: Slowking|Future Sight|p2a: Ferrothorn\n|-start|p1a: Slowking|move: Future Sight\n|\n|-end|p1a: Slowking|move: Future Sight\n|-resisted|p1a: Slowking\n|-damage|p1a: Slowking|69/100\n|-heal|p2a: Ferrothorn|72/100 brn|[from] item: Leftovers\n|-damage|p2a: Ferrothorn|65/100 brn|[from] brn\n|upkeep\n|turn|25\n|\n|t:|1791303912\n|move|p2a: Ferrothorn|Spikes|p1a: Slowking\n|-sidestart|p1: weathwy|Spikes\n|move|p1a: Slowking|Teleport|p1a: Slowking\n|\n|t:|1791303916\n|switch|p1a: Tornadus|Tornadus-Therian, M|57/100|[from] Teleport\n|\n|-heal|p2a: Ferrothorn|72/100 brn|[from] item: Leftovers\n|-damage|p2a: Ferrothorn|65/100 brn|[from] brn\n|upkeep\n|turn|26\n|\n|t:|1791303929\n|move|p1a: Tornadus|Defog|p2a: Ferrothorn\n|-unboost|p2a: Ferrothorn|evasion|1\n|-sideend|p2: 13th Nu|Stealth Rock|[from] move: Defog|[of] p1a: Tornadus\n|-sideend|p1: weathwy|Spikes|[from] move: Defog|[of] p1a: Tornadus\n|move|p2a: Ferrothorn|Leech Seed|p1a: Tornadus\n|-start|p1a: Tornadus|move: Leech Seed\n|\n|-end|p2a: Ferrothorn|move: Future Sight\n|-resisted|p2a: Ferrothorn\n|-damage|p2a: Ferrothorn|49/100 brn\n|-heal|p2a: Ferrothorn|55/100 brn|[from] item: Leftovers\n|-damage|p1a: Tornadus|45/100|[from] Leech Seed|[of] p2a: Ferrothorn\n|-heal|p2a: Ferrothorn|68/100 brn|[silent]\n|-damage|p2a: Ferrothorn|62/100 brn|[from] brn\n|upkeep\n|turn|27\n|\n|t:|1791303939\n|move|p1a: Tornadus|U-turn|p2a: Ferrothorn\n|-damage|p2a: Ferrothorn|53/100 brn\n|-damage|p1a: Tornadus|32/100|[from] ability: Iron Barbs|[of] p2a: Ferrothorn\n|\n|t:|1791303948\n|switch|p1a: Slowking|Slowking, M|100/100|[from] U-turn\n|move|p2a: Ferrothorn|Spikes|p1a: Slowking\n|-sidestart|p1: weathwy|Spikes\n|\n|-heal|p2a: Ferrothorn|59/100 brn|[from] item: Leftovers\n|-damage|p2a: Ferrothorn|53/100 brn|[from] brn\n|upkeep\n|turn|28\n|\n|t:|1791303963\n|move|p2a: Ferrothorn|Thunder Wave|p1a: Slowking\n|-status|p1a: Slowking|par\n|move|p1a: Slowking|Future Sight|p2a: Ferrothorn\n|-start|p1a: Slowking|move: Future Sight\n|\n|-heal|p2a: Ferrothorn|59/100 brn|[from] item: Leftovers\n|-damage|p2a: Ferrothorn|53/100 brn|[from] brn\n|upkeep\n|turn|29\n|\n|t:|1791303977\n|switch|p2a: Slowking|Slowking-Galar, M|100/100\n|move|p1a: Slowking|Teleport|p1a: Slowking\n|\n|t:|1791303987\n|switch|p1a: Hippowdon|Hippowdon, M|71/100|[from] Teleport\n|-damage|p1a: Hippowdon|59/100|[from] Spikes\n|-weather|Sandstorm|[from] ability: Sand Stream|[of] p1a: Hippowdon\n|\n|-weather|Sandstorm|[upkeep]\n|-damage|p2a: Slowking|94/100|[from] Sandstorm\n|-heal|p1a: Hippowdon|65/100|[from] item: Leftovers\n|upkeep\n|turn|30\n|\n|t:|1791303994\n|switch|p2a: Tornadus|Tornadus-Therian, M|100/100\n|move|p1a: Hippowdon|Stealth Rock|p2a: Tornadus\n|-sidestart|p2: 13th Nu|move: Stealth Rock\n|\n|-weather|Sandstorm|[upkeep]\n|-damage|p2a: Tornadus|94/100|[from] Sandstorm\n|-end|p2a: Tornadus|move: Future Sight\n|-damage|p2a: Tornadus|54/100\n|-heal|p1a: Hippowdon|71/100|[from] item: Leftovers\n|upkeep\n|turn|31\n|\n|t:|1791304004\n|move|p2a: Tornadus|Defog|p1a: Hippowdon\n|-unboost|p1a: Hippowdon|evasion|1\n|-sideend|p1: weathwy|Spikes|[from] move: Defog|[of] p2a: Tornadus\n|-sideend|p2: 13th Nu|Stealth Rock|[from] move: Defog|[of] p2a: Tornadus\n|move|p1a: Hippowdon|Toxic|p2a: Tornadus\n|-status|p2a: Tornadus|tox\n|\n|-weather|Sandstorm|[upkeep]\n|-damage|p2a: Tornadus|48/100 tox|[from] Sandstorm\n|-heal|p1a: Hippowdon|77/100|[from] item: Leftovers\n|-damage|p2a: Tornadus|41/100 tox|[from] psn\n|upkeep\n|turn|32\n|\n|t:|1791304025\n|switch|p2a: Urshifu|Urshifu-Rapid-Strike, F|100/100\n|move|p1a: Hippowdon|Stealth Rock|p2a: Urshifu\n|-sidestart|p2: 13th Nu|move: Stealth Rock\n|\n|-weather|Sandstorm|[upkeep]\n|-damage|p2a: Urshifu|94/100|[from] Sandstorm\n|-heal|p1a: Hippowdon|84/100|[from] item: Leftovers\n|upkeep\n|turn|33\n|\n|t:|1791304037\n|switch|p1a: Clefable|Clefable, F|100/100\n|move|p2a: Urshifu|Surging Strikes|p1a: Clefable\n|-crit|p1a: Clefable\n|-damage|p1a: Clefable|75/100\n|-damage|p2a: Urshifu|78/100|[from] item: Rocky Helmet|[of] p1a: Clefable\n|-crit|p1a: Clefable\n|-damage|p1a: Clefable|54/100\n|-damage|p2a: Urshifu|61/100|[from] item: Rocky Helmet|[of] p1a: Clefable\n|-crit|p1a: Clefable\n|-damage|p1a: Clefable|31/100\n|-damage|p2a: Urshifu|45/100|[from] item: Rocky Helmet|[of] p1a: Clefable\n|-hitcount|p1a: Clefable|3\n|\n|-weather|none\n|upkeep\n|turn|34\n|\n|t:|1791304046\n|switch|p1a: Slowking|Slowking, M|100/100 par\n|move|p2a: Urshifu|Surging Strikes|p1a: Slowking\n|-resisted|p1a: Slowking\n|-crit|p1a: Slowking\n|-damage|p1a: Slowking|87/100 par\n|-resisted|p1a: Slowking\n|-crit|p1a: Slowking\n|-damage|p1a: Slowking|75/100 par\n|-resisted|p1a: Slowking\n|-crit|p1a: Slowking\n|-damage|p1a: Slowking|62/100 par\n|-hitcount|p1a: Slowking|3\n|\n|upkeep\n|turn|35\n|\n|t:|1791304054\n|move|p2a: Urshifu|Surging Strikes|p1a: Slowking\n|-resisted|p1a: Slowking\n|-crit|p1a: Slowking\n|-damage|p1a: Slowking|49/100 par\n|-resisted|p1a: Slowking\n|-crit|p1a: Slowking\n|-damage|p1a: Slowking|36/100 par\n|-resisted|p1a: Slowking\n|-crit|p1a: Slowking\n|-damage|p1a: Slowking|22/100 par\n|-hitcount|p1a: Slowking|3\n|cant|p1a: Slowking|par\n|\n|upkeep\n|turn|36\n|\n|t:|1791304058\n|switch|p1a: Rillaboom|Rillaboom, M|100/100\n|-fieldstart|move: Grassy Terrain|[from] ability: Grassy Surge|[of] p1a: Rillaboom\n|move|p2a: Urshifu|Surging Strikes|p1a: Rillaboom\n|-resisted|p1a: Rillaboom\n|-crit|p1a: Rillaboom\n|-damage|p1a: Rillaboom|86/100\n|-resisted|p1a: Rillaboom\n|-crit|p1a: Rillaboom\n|-damage|p1a: Rillaboom|72/100\n|-resisted|p1a: Rillaboom\n|-crit|p1a: Rillaboom\n|-damage|p1a: Rillaboom|58/100\n|-hitcount|p1a: Rillaboom|3\n|\n|-heal|p2a: Urshifu|51/100|[from] Grassy Terrain\n|-heal|p1a: Rillaboom|64/100|[from] Grassy Terrain\n|-heal|p1a: Rillaboom|71/100|[from] item: Leftovers\n|upkeep\n|turn|37\n|\n|t:|1791304073\n|switch|p2a: Ferrothorn|Ferrothorn, M|53/100 brn\n|-damage|p2a: Ferrothorn|47/100 brn|[from] Stealth Rock\n|move|p1a: Rillaboom|Knock Off|p2a: Ferrothorn\n|-damage|p2a: Ferrothorn|24/100 brn\n|-damage|p1a: Rillaboom|58/100|[from] ability: Iron Barbs|[of] p2a: Ferrothorn\n|-enditem|p2a: Ferrothorn|Leftovers|[from] move: Knock Off|[of] p1a: Rillaboom\n|\n|-heal|p1a: Rillaboom|64/100|[from] Grassy Terrain\n|-heal|p1a: Rillaboom|71/100|[from] item: Leftovers\n|-heal|p2a: Ferrothorn|30/100 brn|[from] Grassy Terrain\n|-damage|p2a: Ferrothorn|24/100 brn|[from] brn\n|upkeep\n|turn|38\n|\n|t:|1791304091\n|switch|p1a: Clefable|Clefable, F|31/100\n|move|p2a: Ferrothorn|Thunder Wave|p1a: Clefable\n|-status|p1a: Clefable|par\n|\n|-heal|p1a: Clefable|37/100 par|[from] Grassy Terrain\n|-heal|p2a: Ferrothorn|30/100 brn|[from] Grassy Terrain\n|-damage|p2a: Ferrothorn|24/100 brn|[from] brn\n|upkeep\n|turn|39\n|\n|t:|1791304102\n|switch|p2a: Slowking|Slowking-Galar, M|100/100\n|-damage|p2a: Slowking|88/100|[from] Stealth Rock\n|move|p1a: Clefable|Soft-Boiled|p1a: Clefable\n|-heal|p1a: Clefable|87/100 par\n|\n|-heal|p2a: Slowking|94/100|[from] Grassy Terrain\n|-heal|p1a: Clefable|93/100 par|[from] Grassy Terrain\n|upkeep\n|turn|40\n|\n|t:|1791304109\n|switch|p1a: Slowking|Slowking, M|55/100 par\n|move|p2a: Slowking|Sludge Bomb|p1a: Slowking\n|-damage|p1a: Slowking|25/100 par\n|\n|-heal|p2a: Slowking|99/100|[from] Grassy Terrain\n|-heal|p1a: Slowking|31/100 par|[from] Grassy Terrain\n|-fieldend|move: Grassy Terrain\n|upkeep\n|turn|41\n|\n|t:|1791304115\n|switch|p1a: Hippowdon|Hippowdon, M|84/100\n|-weather|Sandstorm|[from] ability: Sand Stream|[of] p1a: Hippowdon\n|move|p2a: Slowking|Sludge Bomb|p1a: Hippowdon\n|-resisted|p1a: Hippowdon\n|-damage|p1a: Hippowdon|69/100\n|\n|-weather|Sandstorm|[upkeep]\n|-damage|p2a: Slowking|94/100|[from] Sandstorm\n|-heal|p1a: Hippowdon|75/100|[from] item: Leftovers\n|upkeep\n|turn|42\n|\n|t:|1791304120\n|switch|p1a: Slowking|Slowking, M|65/100 par\n|switch|p2a: Tornadus|Tornadus-Therian, M|75/100 tox\n|\n|-weather|Sandstorm|[upkeep]\n|-damage|p2a: Tornadus|69/100 tox|[from] Sandstorm\n|-damage|p1a: Slowking|59/100 par|[from] Sandstorm\n|-damage|p2a: Tornadus|63/100 tox|[from] psn\n|upkeep\n|turn|43\n|\n|t:|1791304130\n|move|p2a: Tornadus|Defog|p1a: Slowking\n|-unboost|p1a: Slowking|evasion|1\n|-sideend|p2: 13th Nu|Stealth Rock|[from] move: Defog|[of] p2a: Tornadus\n|cant|p1a: Slowking|par\n|\n|-weather|Sandstorm|[upkeep]\n|-damage|p2a: Tornadus|56/100 tox|[from] Sandstorm\n|-damage|p1a: Slowking|53/100 par|[from] Sandstorm\n|-damage|p2a: Tornadus|44/100 tox|[from] psn\n|upkeep\n|turn|44\n|\n|t:|1791304151\n|switch|p2a: Slowking|Slowking-Galar, M|100/100\n|move|p1a: Slowking|Teleport|p1a: Slowking\n|\n|t:|1791304153\n|switch|p1a: Hippowdon|Hippowdon, M|75/100|[from] Teleport\n|\n|-weather|Sandstorm|[upkeep]\n|-damage|p2a: Slowking|94/100|[from] Sandstorm\n|-heal|p1a: Hippowdon|81/100|[from] item: Leftovers\n|upkeep\n|turn|45\n|\n|t:|1791304161\n|move|p1a: Hippowdon|Stealth Rock|p2a: Slowking\n|-sidestart|p2: 13th Nu|move: Stealth Rock\n|move|p2a: Slowking|Future Sight|p1a: Hippowdon\n|-start|p2a: Slowking|move: Future Sight\n|\n|-weather|none\n|-heal|p1a: Hippowdon|87/100|[from] item: Leftovers\n|upkeep\n|turn|46\n|\n|t:|1791304169\n|switch|p1a: Slowking|Slowking, M|86/100 par\n|switch|p2a: Tornadus|Tornadus-Therian, M|78/100 tox\n|\n|-damage|p2a: Tornadus|71/100 tox|[from] psn\n|upkeep\n|turn|47\n|\n|t:|1791304176\n|move|p2a: Tornadus|Defog|p1a: Slowking\n|-unboost|p1a: Slowking|evasion|1\n|-sideend|p2: 13th Nu|Stealth Rock|[from] move: Defog|[of] p2a: Tornadus\n|move|p1a: Slowking|Scald|p2a: Tornadus\n|-damage|p2a: Tornadus|43/100 tox\n|\n|-end|p1a: Slowking|move: Future Sight\n|-resisted|p1a: Slowking\n|-damage|p1a: Slowking|65/100 par\n|-damage|p2a: Tornadus|31/100 tox|[from] psn\n|upkeep\n|turn|48\n|\n|t:|1791304195\n|switch|p2a: Slowking|Slowking-Galar, M|100/100\n|move|p1a: Slowking|Teleport|p1a: Slowking\n|\n|t:|1791304198\n|switch|p1a: Hippowdon|Hippowdon, M|87/100|[from] Teleport\n|-weather|Sandstorm|[from] ability: Sand Stream|[of] p1a: Hippowdon\n|\n|-weather|Sandstorm|[upkeep]\n|-damage|p2a: Slowking|94/100|[from] Sandstorm\n|-heal|p1a: Hippowdon|94/100|[from] item: Leftovers\n|upkeep\n|turn|49\n|\n|t:|1791304201\n|move|p1a: Hippowdon|Stealth Rock|p2a: Slowking\n|-sidestart|p2: 13th Nu|move: Stealth Rock\n|move|p2a: Slowking|Future Sight|p1a: Hippowdon\n|-start|p2a: Slowking|move: Future Sight\n|\n|-weather|Sandstorm|[upkeep]\n|-damage|p2a: Slowking|88/100|[from] Sandstorm\n|-heal|p1a: Hippowdon|99/100|[from] item: Leftovers\n|upkeep\n|turn|50\n|\n|t:|1791304209\n|switch|p1a: Slowking|Slowking, M|98/100 par\n|switch|p2a: Tornadus|Tornadus-Therian, M|64/100 tox\n|\n|-weather|Sandstorm|[upkeep]\n|-damage|p2a: Tornadus|58/100 tox|[from] Sandstorm\n|-damage|p1a: Slowking|92/100 par|[from] Sandstorm\n|-damage|p2a: Tornadus|52/100 tox|[from] psn\n|upkeep\n|turn|51\n|\n|t:|1791304214\n|move|p2a: Tornadus|Defog|p1a: Slowking\n|-unboost|p1a: Slowking|evasion|1\n|-sideend|p2: 13th Nu|Stealth Rock|[from] move: Defog|[of] p2a: Tornadus\n|move|p1a: Slowking|Scald|p2a: Tornadus\n|-crit|p2a: Tornadus\n|-damage|p2a: Tornadus|12/100 tox\n|\n|-weather|Sandstorm|[upkeep]\n|-damage|p2a: Tornadus|5/100 tox|[from] Sandstorm\n|-damage|p1a: Slowking|86/100 par|[from] Sandstorm\n|-end|p1a: Slowking|move: Future Sight\n|-resisted|p1a: Slowking\n|-damage|p1a: Slowking|66/100 par\n|-damage|p2a: Tornadus|0 fnt|[from] psn\n|faint|p2a: Tornadus\n|upkeep\n|\n|t:|1791304230\n|switch|p2a: Garchomp|Garchomp, M|88/100\n|turn|52\n|\n|t:|1791304244\n|switch|p1a: Tornadus|Tornadus-Therian, M|65/100\n|move|p2a: Garchomp|Stealth Rock|p1a: Tornadus\n|-sidestart|p1: weathwy|move: Stealth Rock\n|\n|-weather|none\n|-heal|p2a: Garchomp|95/100|[from] item: Leftovers\n|upkeep\n|turn|53\n|\n|t:|1791304253\n|move|p2a: Garchomp|Protect|p2a: Garchomp\n|-singleturn|p2a: Garchomp|Protect\n|move|p1a: Tornadus|Toxic|p2a: Garchomp\n|-activate|p2a: Garchomp|move: Protect\n|\n|-heal|p2a: Garchomp|100/100|[from] item: Leftovers\n|upkeep\n|turn|54\n|\n|t:|1791304264\n|switch|p2a: Slowking|Slowking-Galar, M|100/100\n|move|p1a: Tornadus|Defog|p2a: Slowking\n|-unboost|p2a: Slowking|evasion|1\n|-sideend|p1: weathwy|Stealth Rock|[from] move: Defog|[of] p1a: Tornadus\n|\n|upkeep\n|turn|55\n|\n|t:|1791304272\n|move|p1a: Tornadus|U-turn|p2a: Slowking\n|-damage|p2a: Slowking|86/100\n|\n|t:|1791304275\n|switch|p1a: Hippowdon|Hippowdon, M|99/100|[from] U-turn\n|-weather|Sandstorm|[from] ability: Sand Stream|[of] p1a: Hippowdon\n|move|p2a: Slowking|Future Sight|p1a: Hippowdon\n|-start|p2a: Slowking|move: Future Sight\n|\n|-weather|Sandstorm|[upkeep]\n|-damage|p2a: Slowking|80/100|[from] Sandstorm\n|-heal|p1a: Hippowdon|100/100|[from] item: Leftovers\n|upkeep\n|turn|56\n|\n|t:|1791304290\n|switch|p2a: Urshifu|Urshifu-Rapid-Strike, F|51/100\n|move|p1a: Hippowdon|Earthquake|p2a: Urshifu\n|-crit|p2a: Urshifu\n|-damage|p2a: Urshifu|0 fnt\n|faint|p2a: Urshifu\n|\n|-weather|Sandstorm|[upkeep]\n|upkeep\n|\n|t:|1791304294\n|switch|p2a: Weavile|Weavile, F|53/100\n|-ability|p2a: Weavile|Pressure\n|turn|57\n|\n|t:|1791304301\n|switch|p1a: Scizor|Scizor, M|100/100\n|move|p2a: Weavile|Swords Dance|p2a: Weavile\n|-boost|p2a: Weavile|atk|2\n|\n|-weather|Sandstorm|[upkeep]\n|-damage|p2a: Weavile|47/100|[from] Sandstorm\n|-end|p1a: Scizor|move: Future Sight\n|-resisted|p1a: Scizor\n|-damage|p1a: Scizor|67/100\n|upkeep\n|turn|58\n|\n|t:|1791304307\n|switch|p2a: Garchomp|Garchomp, M|100/100\n|move|p1a: Scizor|Bullet Punch|p2a: Garchomp\n|-damage|p2a: Garchomp|79/100\n|-damage|p1a: Scizor|54/100|[from] ability: Rough Skin|[of] p2a: Garchomp\n|\n|-weather|Sandstorm|[upkeep]\n|-heal|p2a: Garchomp|85/100|[from] item: Leftovers\n|upkeep\n|turn|59\n|\n|t:|1791304311\n|move|p2a: Garchomp|Stealth Rock|p1a: Scizor\n|-sidestart|p1: weathwy|move: Stealth Rock\n|move|p1a: Scizor|Roost|p1a: Scizor\n|-heal|p1a: Scizor|100/100\n|-singleturn|p1a: Scizor|move: Roost\n|\n|-weather|none\n|-heal|p2a: Garchomp|91/100|[from] item: Leftovers\n|upkeep\n|turn|60\n|\n|t:|1791304316\n|switch|p1a: Tornadus|Tornadus-Therian, M|99/100\n|move|p2a: Garchomp|Earthquake|p1a: Tornadus\n|-immune|p1a: Tornadus\n|\n|-heal|p2a: Garchomp|97/100|[from] item: Leftovers\n|upkeep\n|turn|61\n|\n|t:|1791304321\n|move|p1a: Tornadus|Toxic|p2a: Garchomp\n|-status|p2a: Garchomp|tox\n|move|p2a: Garchomp|Toxic|p1a: Tornadus\n|-status|p1a: Tornadus|tox\n|\n|-heal|p2a: Garchomp|100/100 tox|[from] item: Leftovers\n|-damage|p1a: Tornadus|92/100 tox|[from] psn\n|-damage|p2a: Garchomp|94/100 tox|[from] psn\n|upkeep\n|turn|62\n|\n|t:|1791304333\n|move|p2a: Garchomp|Protect|p2a: Garchomp\n|-singleturn|p2a: Garchomp|Protect\n|move|p1a: Tornadus|Defog|p2a: Garchomp\n|-activate|p2a: Garchomp|move: Protect\n|\n|-heal|p2a: Garchomp|100/100 tox|[from] item: Leftovers\n|-damage|p1a: Tornadus|80/100 tox|[from] psn\n|-damage|p2a: Garchomp|88/100 tox|[from] psn\n|upkeep\n|turn|63\n|\n|t:|1791304336\n|move|p1a: Tornadus|Defog|p2a: Garchomp\n|-unboost|p2a: Garchomp|evasion|1\n|-sideend|p1: weathwy|Stealth Rock|[from] move: Defog|[of] p1a: Tornadus\n|move|p2a: Garchomp|Stealth Rock|p1a: Tornadus\n|-sidestart|p1: weathwy|move: Stealth Rock\n|\n|-heal|p2a: Garchomp|94/100 tox|[from] item: Leftovers\n|-damage|p1a: Tornadus|62/100 tox|[from] psn\n|-damage|p2a: Garchomp|75/100 tox|[from] psn\n|upkeep\n|turn|64\n|\n|t:|1791304343\n|move|p2a: Garchomp|Protect|p2a: Garchomp\n|-singleturn|p2a: Garchomp|Protect\n|move|p1a: Tornadus|Defog|p2a: Garchomp\n|-activate|p2a: Garchomp|move: Protect\n|\n|-heal|p2a: Garchomp|82/100 tox|[from] item: Leftovers\n|-damage|p1a: Tornadus|38/100 tox|[from] psn\n|-damage|p2a: Garchomp|57/100 tox|[from] psn\n|upkeep\n|turn|65\n|\n|t:|1791304358\n|switch|p1a: Rillaboom|Rillaboom, M|71/100\n|-damage|p1a: Rillaboom|58/100|[from] Stealth Rock\n|-fieldstart|move: Grassy Terrain|[from] ability: Grassy Surge|[of] p1a: Rillaboom\n|switch|p2a: Slowking|Slowking-Galar, M|100/100\n|\n|-heal|p1a: Rillaboom|64/100|[from] Grassy Terrain\n|-heal|p1a: Rillaboom|71/100|[from] item: Leftovers\n|upkeep\n|turn|66\n|\n|t:|1791304372\n|switch|p1a: Slowking|Slowking, M|99/100 par\n|-damage|p1a: Slowking|87/100 par|[from] Stealth Rock\n|move|p2a: Slowking|Psyshock|p1a: Slowking\n|-resisted|p1a: Slowking\n|-damage|p1a: Slowking|69/100 par\n|\n|-heal|p1a: Slowking|75/100 par|[from] Grassy Terrain\n|upkeep\n|turn|67\n|\n|t:|1791304377\n|move|p2a: Slowking|Future Sight|p1a: Slowking\n|-start|p2a: Slowking|move: Future Sight\n|cant|p1a: Slowking|par\n|\n|-heal|p1a: Slowking|81/100 par|[from] Grassy Terrain\n|upkeep\n|turn|68\n|\n|t:|1791304384\n|move|p2a: Slowking|Sludge Bomb|p1a: Slowking\n|-damage|p1a: Slowking|54/100 par\n|cant|p1a: Slowking|par\n|\n|-heal|p1a: Slowking|60/100 par|[from] Grassy Terrain\n|upkeep\n|turn|69\n|\n|t:|1791304393\n|move|p2a: Slowking|Sludge Bomb|p1a: Slowking\n|-damage|p1a: Slowking|32/100 par\n|cant|p1a: Slowking|par\n|\n|-end|p1a: Slowking|move: Future Sight\n|-resisted|p1a: Slowking\n|-damage|p1a: Slowking|13/100 par\n|-heal|p1a: Slowking|20/100 par|[from] Grassy Terrain\n|-fieldend|move: Grassy Terrain\n|upkeep\n|turn|70\n|\n|t:|1791304401\n|switch|p1a: Hippowdon|Hippowdon, M|100/100\n|-damage|p1a: Hippowdon|94/100|[from] Stealth Rock\n|-weather|Sandstorm|[from] ability: Sand Stream|[of] p1a: Hippowdon\n|move|p2a: Slowking|Future Sight|p1a: Hippowdon\n|-start|p2a: Slowking|move: Future Sight\n|\n|-weather|Sandstorm|[upkeep]\n|-damage|p2a: Slowking|94/100|[from] Sandstorm\n|-heal|p1a: Hippowdon|100/100|[from] item: Leftovers\n|upkeep\n|turn|71\n|\n|t:|1791304408\n|move|p1a: Hippowdon|Earthquake|p2a: Slowking\n|-supereffective|p2a: Slowking\n|-damage|p2a: Slowking|22/100\n|move|p2a: Slowking|Psyshock|p1a: Hippowdon\n|-damage|p1a: Hippowdon|70/100\n|\n|-weather|Sandstorm|[upkeep]\n|-damage|p2a: Slowking|16/100|[from] Sandstorm\n|-heal|p1a: Hippowdon|77/100|[from] item: Leftovers\n|upkeep\n|turn|72\n|\n|t:|1791304419\n|switch|p2a: Ferrothorn|Ferrothorn, M|24/100 brn\n|move|p1a: Hippowdon|Earthquake|p2a: Ferrothorn\n|-damage|p2a: Ferrothorn|1/100 brn\n|\n|-weather|Sandstorm|[upkeep]\n|-end|p1a: Hippowdon|move: Future Sight\n|-crit|p1a: Hippowdon\n|-damage|p1a: Hippowdon|13/100\n|-heal|p1a: Hippowdon|20/100|[from] item: Leftovers\n|-damage|p2a: Ferrothorn|0 fnt|[from] brn\n|faint|p2a: Ferrothorn\n|upkeep\n|\n|t:|1791304422\n|switch|p2a: Weavile|Weavile, F|47/100\n|-ability|p2a: Weavile|Pressure\n|turn|73\n|\n|t:|1791304426\n|move|p2a: Weavile|Triple Axel|p1a: Hippowdon\n|-supereffective|p1a: Hippowdon\n|-damage|p1a: Hippowdon|5/100\n|-supereffective|p1a: Hippowdon\n|-damage|p1a: Hippowdon|0 fnt\n|faint|p1a: Hippowdon\n|-hitcount|p1: Hippowdon|2\n|\n|-weather|Sandstorm|[upkeep]\n|-damage|p2a: Weavile|41/100|[from] Sandstorm\n|upkeep\n|\n|t:|1791304432\n|switch|p1a: Scizor|Scizor, M|100/100\n|-damage|p1a: Scizor|88/100|[from] Stealth Rock\n|turn|74\n|\n|t:|1791304436\n|switch|p2a: Garchomp|Garchomp, M|57/100 tox\n|move|p1a: Scizor|Swords Dance|p1a: Scizor\n|-boost|p1a: Scizor|atk|2\n|\n|-weather|none\n|-heal|p2a: Garchomp|63/100 tox|[from] item: Leftovers\n|-damage|p2a: Garchomp|57/100 tox|[from] psn\n|upkeep\n|turn|75\n|\n|t:|1791304440\n|move|p2a: Garchomp|Earthquake|p1a: Scizor\n|-damage|p1a: Scizor|56/100\n|move|p1a: Scizor|Roost|p1a: Scizor\n|-heal|p1a: Scizor|100/100\n|-singleturn|p1a: Scizor|move: Roost\n|\n|-heal|p2a: Garchomp|63/100 tox|[from] item: Leftovers\n|-damage|p2a: Garchomp|50/100 tox|[from] psn\n|upkeep\n|turn|76\n|\n|t:|1791304445\n|move|p2a: Garchomp|Earthquake|p1a: Scizor\n|-damage|p1a: Scizor|69/100\n|move|p1a: Scizor|Swords Dance|p1a: Scizor\n|-boost|p1a: Scizor|atk|2\n|\n|-heal|p2a: Garchomp|57/100 tox|[from] item: Leftovers\n|-damage|p2a: Garchomp|38/100 tox|[from] psn\n|upkeep\n|turn|77\n|c|\u260613th Nu|gg\n|-message|13th Nu forfeited.\n|\n|win|weathwy\n|c|\u2606weathwy|gg\n", "uploadtime": 1791304452, "views": "44", "formatid": "gen8ou", "rating": null, "private": 0, "password": null}