{"id": "smogtours-gen8ou-975104", "format": "[Gen 8] OU", "players": ["zDarky", "Simuxxie"], "log": "|inactive|Battle timer is ON: inactive players will automatically lose when time's up.\n|t:|1790535806\n|gametype|singles\n|player|p1|zDarky|#bltxiiijirachis|\n|player|p2|Simuxxie|acetrainersnow|\n|gen|8\n|tier|[Gen 8] OU\n|rule|HP Percentage Mod: HP is shown in percentages\n|rule|Endless Battle Clause: Forcing endless battles is banned\n|rule|Sleep Clause Mod: Limit one foe put to sleep\n|rule|Species Clause: Limit one of each Pok\u00e9mon\n|rule|OHKO Clause: OHKO moves are banned\n|rule|Evasion Items Clause: Evasion items are banned\n|rule|Evasion Moves Clause: Evasion moves are banned\n|rule|Dynamax Clause: You cannot dynamax\n|clearpoke\n|poke|p1|Slowking-Galar, M|\n|poke|p1|Weavile, F|\n|poke|p1|Garchomp, F|\n|poke|p1|Corviknight, M|\n|poke|p1|Urshifu-*, F|\n|poke|p1|Melmetal|\n|poke|p2|Latias, F|\n|poke|p2|Dragapult, F|\n|poke|p2|Heatran, M|\n|poke|p2|Landorus-Therian, M|\n|poke|p2|Aegislash, M|\n|poke|p2|Urshifu-*, F|\n|teampreview\n|c|\u2606zDarky|hf\n|c|\u2606Simuxxie|glhf\n|inactive|zDarky has 270 seconds left.\n|inactive|Simuxxie has 270 seconds left.\n|inactive|Simuxxie has 240 seconds left.\n|\n|t:|1790535875\n|teamsize|p1|6\n|teamsize|p2|6\n|start\n|switch|p1a: Garchomp|Garchomp, F, shiny|100/100\n|switch|p2a: Dragapult|Dragapult, F|100/100\n|turn|1\n|inactive|Simuxxie has 270 seconds left.\n|\n|t:|1790535910\n|move|p1a: Garchomp|Protect|p1a: Garchomp\n|-singleturn|p1a: Garchomp|Protect\n|move|p2a: Dragapult|Will-O-Wisp|p1a: Garchomp\n|-activate|p1a: Garchomp|move: Protect\n|\n|upkeep\n|turn|2\n|inactive|Simuxxie has 270 seconds left.\n|\n|t:|1790535939\n|move|p2a: Dragapult|Dragon Darts|p1a: Garchomp\n|-supereffective|p1a: Garchomp\n|-damage|p1a: Garchomp|65/100\n|-anim|p2a: Dragapult|Dragon Darts|p1a: Garchomp\n|-supereffective|p1a: Garchomp\n|-damage|p1a: Garchomp|29/100\n|move|p1a: Garchomp|Toxic|p2a: Dragapult\n|-status|p2a: Dragapult|tox\n|\n|-heal|p1a: Garchomp|35/100|[from] item: Leftovers\n|-damage|p2a: Dragapult|94/100 tox|[from] psn\n|upkeep\n|turn|3\n|inactive|Simuxxie has 240 seconds left.\n|inactive|Simuxxie has 210 seconds left.\n|\n|t:|1790535998\n|move|p1a: Garchomp|Protect|p1a: Garchomp\n|-singleturn|p1a: Garchomp|Protect\n|move|p2a: Dragapult|Dragon Darts|p1a: Garchomp\n|-activate|p1a: Garchomp|move: Protect\n|\n|-heal|p2a: Dragapult|100/100 tox|[from] item: Leftovers\n|-heal|p1a: Garchomp|41/100|[from] item: Leftovers\n|-damage|p2a: Dragapult|88/100 tox|[from] psn\n|upkeep\n|turn|4\n|inactive|Simuxxie has 210 seconds left.\n|\n|t:|1790536025\n|switch|p1a: Slowking|Slowking-Galar, M, shiny|100/100\n|move|p2a: Dragapult|Dragon Darts|p1a: Slowking\n|-damage|p1a: Slowking|81/100\n|-anim|p2a: Dragapult|Dragon Darts|p1a: Slowking\n|-damage|p1a: Slowking|61/100\n|\n|-heal|p2a: Dragapult|94/100 tox|[from] item: Leftovers\n|-damage|p2a: Dragapult|76/100 tox|[from] psn\n|upkeep\n|turn|5\n|inactive|Simuxxie has 180 seconds left.\n|\n|t:|1790536078\n|switch|p2a: Heatran|Heatran, M|100/100\n|move|p1a: Slowking|Future Sight|p2a: Heatran\n|-start|p1a: Slowking|move: Future Sight\n|\n|upkeep\n|turn|6\n|inactive|Simuxxie has 150 seconds left.\n|\n|t:|1790536118\n|switch|p2a: Urshifu|Urshifu-Rapid-Strike, F|100/100\n|switch|p1a: Garchomp|Garchomp, F, shiny|41/100\n|\n|-heal|p1a: Garchomp|47/100|[from] item: Leftovers\n|upkeep\n|turn|7\n|inactive|Simuxxie has 120 seconds left.\n|\n|t:|1790536151\n|switch|p2a: Latias|Latias, F|100/100\n|move|p1a: Garchomp|Stealth Rock|p2a: Latias\n|-sidestart|p2: Simuxxie|move: Stealth Rock\n|\n|-end|p2a: Latias|move: Future Sight\n|-resisted|p2a: Latias\n|-damage|p2a: Latias|78/100\n|-heal|p1a: Garchomp|53/100|[from] item: Leftovers\n|upkeep\n|turn|8\n|inactive|Simuxxie has 90 seconds left.\n|\n|t:|1790536191\n|switch|p2a: Urshifu|Urshifu-Rapid-Strike, F|100/100\n|-damage|p2a: Urshifu|94/100|[from] Stealth Rock\n|move|p1a: Garchomp|Protect||[still]\n|-fail|p1a: Garchomp\n|\n|-heal|p1a: Garchomp|60/100|[from] item: Leftovers\n|upkeep\n|turn|9\n|\n|t:|1790536205\n|switch|p1a: Corviknight|Corviknight, M, shiny|100/100\n|-ability|p1a: Corviknight|Pressure\n|move|p2a: Urshifu|Surging Strikes|p1a: Corviknight\n|-crit|p1a: Corviknight\n|-damage|p1a: Corviknight|88/100\n|-damage|p2a: Urshifu|78/100|[from] item: Rocky Helmet|[of] p1a: Corviknight\n|-crit|p1a: Corviknight\n|-damage|p1a: Corviknight|75/100\n|-damage|p2a: Urshifu|61/100|[from] item: Rocky Helmet|[of] p1a: Corviknight\n|-crit|p1a: Corviknight\n|-damage|p1a: Corviknight|62/100\n|-damage|p2a: Urshifu|45/100|[from] item: Rocky Helmet|[of] p1a: Corviknight\n|-hitcount|p1a: Corviknight|3\n|\n|upkeep\n|turn|10\n|\n|t:|1790536219\n|switch|p2a: Heatran|Heatran, M|100/100\n|-damage|p2a: Heatran|88/100|[from] Stealth Rock\n|move|p1a: Corviknight|Roost|p1a: Corviknight\n|-heal|p1a: Corviknight|100/100\n|-singleturn|p1a: Corviknight|move: Roost\n|\n|-heal|p2a: Heatran|94/100|[from] item: Leftovers\n|upkeep\n|turn|11\n|\n|t:|1790536234\n|switch|p1a: Garchomp|Garchomp, F, shiny|60/100\n|move|p2a: Heatran|Stealth Rock|p1a: Garchomp\n|-sidestart|p1: zDarky|move: Stealth Rock\n|\n|-heal|p1a: Garchomp|66/100|[from] item: Leftovers\n|-heal|p2a: Heatran|100/100|[from] item: Leftovers\n|upkeep\n|turn|12\n|inactive|Simuxxie has 60 seconds left.\n|\n|t:|1790536280\n|switch|p2a: Aegislash|Aegislash, M|100/100\n|-damage|p2a: Aegislash|94/100|[from] Stealth Rock\n|move|p1a: Garchomp|Toxic|p2a: Aegislash\n|-immune|p2a: Aegislash\n|\n|-heal|p1a: Garchomp|72/100|[from] item: Leftovers\n|upkeep\n|turn|13\n|\n|t:|1790536295\n|move|p1a: Garchomp|Protect|p1a: Garchomp\n|-singleturn|p1a: Garchomp|Protect\n|move|p2a: Aegislash|Toxic|p1a: Garchomp\n|-activate|p1a: Garchomp|move: Protect\n|\n|-heal|p1a: Garchomp|78/100|[from] item: Leftovers\n|upkeep\n|turn|14\n|inactive|Simuxxie has 30 seconds left.\n|inactive|Simuxxie has 20 seconds left.\n|\n|t:|1790536321\n|switch|p1a: Slowking|Slowking-Galar, M, shiny|95/100\n|-damage|p1a: Slowking|82/100|[from] Stealth Rock\n|move|p2a: Aegislash|Toxic|p1a: Slowking\n|-immune|p1a: Slowking\n|\n|upkeep\n|turn|15\n|inactive|Simuxxie has 30 seconds left this turn.\n|\n|t:|1790536344\n|-formechange|p2a: Aegislash|Aegislash-Blade||[from] ability: Stance Change\n|move|p2a: Aegislash|Shadow Ball|p1a: Slowking\n|-supereffective|p1a: Slowking\n|-damage|p1a: Slowking|40/100\n|move|p1a: Slowking|Flamethrower|p2a: Aegislash\n|-supereffective|p2a: Aegislash\n|-damage|p2a: Aegislash|23/100\n|\n|upkeep\n|turn|16\n|inactive|Simuxxie has 30 seconds left.\n|inactive|zDarky has 270 seconds left.\n|inactive|Simuxxie has 20 seconds left.\n|inactive|Simuxxie has 15 seconds left.\n|\n|t:|1790536365\n|switch|p2a: Heatran|Heatran, M|100/100\n|-damage|p2a: Heatran|88/100|[from] Stealth Rock\n|switch|p1a: Garchomp|Garchomp, F, shiny|78/100\n|-damage|p1a: Garchomp|72/100|[from] Stealth Rock\n|\n|-heal|p1a: Garchomp|78/100|[from] item: Leftovers\n|-heal|p2a: Heatran|94/100|[from] item: Leftovers\n|upkeep\n|turn|17\n|inactive|Simuxxie has 25 seconds left this turn.\n|inactive|Simuxxie has 20 seconds left.\n|inactive|Simuxxie has 15 seconds left.\n|\n|t:|1790536380\n|switch|p2a: Landorus|Landorus-Therian, M|100/100\n|-damage|p2a: Landorus|88/100|[from] Stealth Rock\n|-ability|p2a: Landorus|Intimidate|boost\n|-unboost|p1a: Garchomp|atk|1\n|move|p1a: Garchomp|Toxic|p2a: Landorus\n|-status|p2a: Landorus|tox\n|\n|-heal|p2a: Landorus|94/100 tox|[from] item: Leftovers\n|-heal|p1a: Garchomp|84/100|[from] item: Leftovers\n|-damage|p2a: Landorus|88/100 tox|[from] psn\n|upkeep\n|turn|18\n|inactive|Simuxxie has 25 seconds left this turn.\n|inactive|Simuxxie has 20 seconds left.\n|\n|t:|1790536389\n|switch|p1a: Corviknight|Corviknight, M, shiny|100/100\n|-damage|p1a: Corviknight|88/100|[from] Stealth Rock\n|-ability|p1a: Corviknight|Pressure\n|move|p2a: Landorus|Swords Dance|p2a: Landorus\n|-boost|p2a: Landorus|atk|2\n|\n|-heal|p2a: Landorus|94/100 tox|[from] item: Leftovers\n|-damage|p2a: Landorus|82/100 tox|[from] psn\n|upkeep\n|turn|19\n|inactive|Simuxxie has 30 seconds left this turn.\n|\n|t:|1790536396\n|move|p2a: Landorus|Smack Down|p1a: Corviknight\n|-damage|p1a: Corviknight|69/100\n|-start|p1a: Corviknight|Smack Down\n|move|p1a: Corviknight|U-turn|p2a: Landorus\n|-resisted|p2a: Landorus\n|-damage|p2a: Landorus|75/100 tox\n|\n|t:|1790536414\n|switch|p1a: Weavile|Weavile, F|100/100|[from] U-turn\n|-ability|p1a: Weavile|Pressure\n|\n|-heal|p2a: Landorus|81/100 tox|[from] item: Leftovers\n|-damage|p2a: Landorus|62/100 tox|[from] psn\n|upkeep\n|turn|20\n|\n|t:|1790536420\n|move|p1a: Weavile|Ice Shard|p2a: Landorus\n|-supereffective|p2a: Landorus\n|-crit|p2a: Landorus\n|-damage|p2a: Landorus|0 fnt\n|faint|p2a: Landorus\n|\n|upkeep\n|inactive|Simuxxie has 30 seconds left.\n|\n|t:|1790536430\n|switch|p2a: Dragapult|Dragapult, F|76/100 tox\n|-damage|p2a: Dragapult|64/100 tox|[from] Stealth Rock\n|turn|21\n|inactive|Simuxxie has 30 seconds left.\n|\n|t:|1790536446\n|switch|p1a: Slowking|Slowking-Galar, M, shiny|74/100\n|-damage|p1a: Slowking|61/100|[from] Stealth Rock\n|move|p2a: Dragapult|Dragon Darts|p1a: Slowking\n|-damage|p1a: Slowking|38/100\n|-anim|p2a: Dragapult|Dragon Darts|p1a: Slowking\n|-damage|p1a: Slowking|17/100\n|\n|-heal|p2a: Dragapult|70/100 tox|[from] item: Leftovers\n|-damage|p2a: Dragapult|64/100 tox|[from] psn\n|upkeep\n|turn|22\n|inactive|Simuxxie has 30 seconds left.\n|inactive|Simuxxie has 20 seconds left.\n|\n|t:|1790536462\n|switch|p1a: Melmetal|Melmetal|100/100\n|-damage|p1a: Melmetal|94/100|[from] Stealth Rock\n|move|p2a: Dragapult|Dragon Darts|p1a: Melmetal\n|-resisted|p1a: Melmetal\n|-damage|p1a: Melmetal|88/100\n|-anim|p2a: Dragapult|Dragon Darts|p1a: Melmetal\n|-resisted|p1a: Melmetal\n|-damage|p1a: Melmetal|82/100\n|\n|-heal|p2a: Dragapult|70/100 tox|[from] item: Leftovers\n|-heal|p1a: Melmetal|89/100|[from] item: Leftovers\n|-damage|p2a: Dragapult|58/100 tox|[from] psn\n|upkeep\n|turn|23\n|inactive|Simuxxie has 30 seconds left this turn.\n|\n|t:|1790536469\n|switch|p2a: Heatran|Heatran, M|94/100\n|-damage|p2a: Heatran|82/100|[from] Stealth Rock\n|move|p1a: Melmetal|Protect||[still]\n|-fail|p1a: Melmetal\n|\n|-heal|p2a: Heatran|88/100|[from] item: Leftovers\n|-heal|p1a: Melmetal|95/100|[from] item: Leftovers\n|upkeep\n|turn|24\n|inactive|Simuxxie has 30 seconds left.\n|\n|t:|1790536475\n|switch|p1a: Garchomp|Garchomp, F, shiny|84/100\n|-damage|p1a: Garchomp|78/100|[from] Stealth Rock\n|move|p2a: Heatran|Magma Storm|p1a: Garchomp\n|-resisted|p1a: Garchomp\n|-damage|p1a: Garchomp|63/100\n|-activate|p1a: Garchomp|move: Magma Storm|[of] p2a: Heatran\n|\n|-heal|p1a: Garchomp|69/100|[from] item: Leftovers\n|-heal|p2a: Heatran|94/100|[from] item: Leftovers\n|-damage|p1a: Garchomp|56/100|[from] move: Magma Storm|[partiallytrapped]\n|upkeep\n|turn|25\n|inactive|Simuxxie has 30 seconds left.\n|\n|t:|1790536487\n|switch|p2a: Latias|Latias, F|78/100\n|-damage|p2a: Latias|66/100|[from] Stealth Rock\n|move|p1a: Garchomp|Earthquake|p2a: Latias\n|-immune|p2a: Latias|[from] ability: Levitate\n|\n|-heal|p1a: Garchomp|63/100|[from] item: Leftovers\n|-end|p1a: Garchomp|Magma Storm|[partiallytrapped]|[silent]\n|upkeep\n|turn|26\n|inactive|Simuxxie has 30 seconds left.\n|\n|t:|1790536500\n|move|p1a: Garchomp|Protect|p1a: Garchomp\n|-singleturn|p1a: Garchomp|Protect\n|move|p2a: Latias|Agility|p2a: Latias\n|-boost|p2a: Latias|spe|2\n|\n|-heal|p1a: Garchomp|69/100|[from] item: Leftovers\n|upkeep\n|turn|27\n|inactive|Simuxxie has 30 seconds left.\n|\n|t:|1790536513\n|switch|p1a: Melmetal|Melmetal|95/100\n|-damage|p1a: Melmetal|89/100|[from] Stealth Rock\n|move|p2a: Latias|Stored Power|p1a: Melmetal\n|-resisted|p1a: Melmetal\n|-damage|p1a: Melmetal|77/100\n|\n|-heal|p1a: Melmetal|84/100|[from] item: Leftovers\n|upkeep\n|turn|28\n|inactive|Simuxxie has 30 seconds left.\n|\n|t:|1790536527\n|move|p2a: Latias|Aura Sphere|p1a: Melmetal\n|-supereffective|p1a: Melmetal\n|-damage|p1a: Melmetal|43/100\n|move|p1a: Melmetal|Superpower|p2a: Latias\n|-resisted|p2a: Latias\n|-damage|p2a: Latias|47/100\n|-unboost|p1a: Melmetal|atk|1\n|-unboost|p1a: Melmetal|def|1\n|\n|-heal|p1a: Melmetal|50/100|[from] item: Leftovers\n|upkeep\n|turn|29\n|inactive|Simuxxie has 30 seconds left.\n|\n|t:|1790536544\n|move|p2a: Latias|Recover|p2a: Latias\n|-heal|p2a: Latias|97/100\n|move|p1a: Melmetal|Double Iron Bash|p2a: Latias\n|-damage|p2a: Latias|70/100\n|-damage|p2a: Latias|45/100\n|-hitcount|p2a: Latias|2\n|\n|-heal|p1a: Melmetal|56/100|[from] item: Leftovers\n|upkeep\n|turn|30\n|inactive|Simuxxie has 30 seconds left.\n|\n|t:|1790536557\n|move|p2a: Latias|Recover|p2a: Latias\n|-heal|p2a: Latias|95/100\n|move|p1a: Melmetal|Double Iron Bash|p2a: Latias\n|-damage|p2a: Latias|70/100\n|-damage|p2a: Latias|47/100\n|-hitcount|p2a: Latias|2\n|\n|-heal|p1a: Melmetal|62/100|[from] item: Leftovers\n|upkeep\n|turn|31\n|\n|t:|1790536562\n|move|p2a: Latias|Recover|p2a: Latias\n|-heal|p2a: Latias|97/100\n|move|p1a: Melmetal|Double Iron Bash|p2a: Latias\n|-damage|p2a: Latias|72/100\n|-damage|p2a: Latias|49/100\n|-hitcount|p2a: Latias|2\n|\n|-heal|p1a: Melmetal|68/100|[from] item: Leftovers\n|upkeep\n|turn|32\n|\n|t:|1790536573\n|switch|p1a: Garchomp|Garchomp, F, shiny|69/100\n|-damage|p1a: Garchomp|63/100|[from] Stealth Rock\n|move|p2a: Latias|Recover|p2a: Latias\n|-heal|p2a: Latias|99/100\n|\n|-heal|p1a: Garchomp|69/100|[from] item: Leftovers\n|upkeep\n|turn|33\n|\n|t:|1790536595\n|switch|p2a: Aegislash|Aegislash, M|23/100\n|-damage|p2a: Aegislash|17/100|[from] Stealth Rock\n|move|p1a: Garchomp|Toxic|p2a: Aegislash\n|-immune|p2a: Aegislash\n|\n|-heal|p1a: Garchomp|75/100|[from] item: Leftovers\n|upkeep\n|turn|34\n|-enditem|p2a: Aegislash|Custap Berry|[eat]\n|-activate|p2a: Aegislash|item: Custap Berry|[consumed]\n|\n|t:|1790536606\n|move|p2a: Aegislash|Destiny Bond|p2a: Aegislash\n|-singlemove|p2a: Aegislash|Destiny Bond\n|move|p1a: Garchomp|Earthquake|p2a: Aegislash\n|-supereffective|p2a: Aegislash\n|-damage|p2a: Aegislash|0 fnt\n|faint|p2a: Aegislash\n|-activate|p2a: Aegislash|move: Destiny Bond\n|faint|p1a: Garchomp\n|\n|upkeep\n|inactive|Simuxxie has 30 seconds left.\n|inactive|Simuxxie has 20 seconds left.\n|\n|t:|1790536627\n|switch|p1a: Urshifu|Urshifu-Rapid-Strike, F|100/100\n|switch|p2a: Dragapult|Dragapult, F|58/100 tox\n|-damage|p1a: Urshifu|94/100|[from] Stealth Rock\n|-damage|p2a: Dragapult|45/100 tox|[from] Stealth Rock\n|turn|35\n|inactive|Simuxxie has 30 seconds left this turn.\n|inactive|Simuxxie has 20 seconds left.\n|\n|t:|1790536638\n|move|p1a: Urshifu|Ice Punch|p2a: Dragapult\n|-supereffective|p2a: Dragapult\n|-damage|p2a: Dragapult|0 fnt\n|faint|p2a: Dragapult\n|\n|upkeep\n|inactive|Simuxxie has 25 seconds left this turn.\n|inactive|Simuxxie has 20 seconds left.\n|\n|t:|1790536644\n|switch|p2a: Urshifu|Urshifu-Rapid-Strike, F|45/100\n|-damage|p2a: Urshifu|39/100|[from] Stealth Rock\n|turn|36\n|inactive|Simuxxie has 30 seconds left this turn.\n|\n|t:|1790536654\n|switch|p1a: Corviknight|Corviknight, M, shiny|69/100\n|-damage|p1a: Corviknight|57/100|[from] Stealth Rock\n|-ability|p1a: Corviknight|Pressure\n|move|p2a: Urshifu|Close Combat|p1a: Corviknight\n|-damage|p1a: Corviknight|21/100\n|-unboost|p2a: Urshifu|def|1\n|-unboost|p2a: Urshifu|spd|1\n|-damage|p2a: Urshifu|22/100|[from] item: Rocky Helmet|[of] p1a: Corviknight\n|\n|upkeep\n|turn|37\n|inactive|Simuxxie has 30 seconds left.\n|\n|t:|1790536663\n|switch|p2a: Heatran|Heatran, M|94/100\n|-damage|p2a: Heatran|82/100|[from] Stealth Rock\n|move|p1a: Corviknight|U-turn|p2a: Heatran\n|-resisted|p2a: Heatran\n|-damage|p2a: Heatran|79/100\n|\n|t:|1790536666\n|switch|p1a: Urshifu|Urshifu-Rapid-Strike, F|94/100|[from] U-turn\n|-damage|p1a: Urshifu|88/100|[from] Stealth Rock\n|\n|-heal|p2a: Heatran|85/100|[from] item: Leftovers\n|upkeep\n|turn|38\n|inactive|Simuxxie has 30 seconds left.\n|inactive|Simuxxie has 20 seconds left.\n|inactive|Simuxxie has 15 seconds left.\n|inactive|Simuxxie has 10 seconds left.\n|\n|t:|1790536702\n|move|p1a: Urshifu|Surging Strikes|p2a: Heatran\n|-supereffective|p2a: Heatran\n|-crit|p2a: Heatran\n|-damage|p2a: Heatran|52/100\n|-supereffective|p2a: Heatran\n|-crit|p2a: Heatran\n|-damage|p2a: Heatran|21/100\n|-supereffective|p2a: Heatran\n|-crit|p2a: Heatran\n|-damage|p2a: Heatran|0 fnt\n|faint|p2a: Heatran\n|-hitcount|p2: Heatran|3\n|\n|upkeep\n|inactive|Simuxxie has 15 seconds left this turn.\n|\n|t:|1790536706\n|switch|p2a: Latias|Latias, F|99/100\n|-damage|p2a: Latias|87/100|[from] Stealth Rock\n|turn|39\n|inactive|Simuxxie has 25 seconds left this turn.\n|inactive|Simuxxie has 20 seconds left.\n|\n|t:|1790536717\n|switch|p1a: Melmetal|Melmetal|68/100\n|-damage|p1a: Melmetal|62/100|[from] Stealth Rock\n|move|p2a: Latias|Agility|p2a: Latias\n|-boost|p2a: Latias|spe|2\n|\n|-heal|p1a: Melmetal|68/100|[from] item: Leftovers\n|upkeep\n|turn|40\n|inactive|Simuxxie has 30 seconds left this turn.\n|\n|t:|1790536723\n|move|p1a: Melmetal|Protect|p1a: Melmetal\n|-singleturn|p1a: Melmetal|Protect\n|move|p2a: Latias|Aura Sphere|p1a: Melmetal\n|-activate|p1a: Melmetal|move: Protect\n|\n|-heal|p1a: Melmetal|75/100|[from] item: Leftovers\n|upkeep\n|turn|41\n|\n|t:|1790536730\n|move|p2a: Latias|Aura Sphere|p1a: Melmetal\n|-supereffective|p1a: Melmetal\n|-damage|p1a: Melmetal|37/100\n|move|p1a: Melmetal|Double Iron Bash|p2a: Latias\n|-damage|p2a: Latias|51/100\n|-damage|p2a: Latias|13/100\n|-hitcount|p2a: Latias|2\n|\n|-heal|p1a: Melmetal|43/100|[from] item: Leftovers\n|upkeep\n|turn|42\n|\n|t:|1790536743\n|move|p2a: Latias|Recover|p2a: Latias\n|-heal|p2a: Latias|64/100\n|move|p1a: Melmetal|Double Iron Bash|p2a: Latias\n|-damage|p2a: Latias|24/100\n|-damage|p2a: Latias|0 fnt\n|faint|p2a: Latias\n|-hitcount|p2: Latias|2\n|\n|-heal|p1a: Melmetal|49/100|[from] item: Leftovers\n|upkeep\n|\n|t:|1790536746\n|switch|p2a: Urshifu|Urshifu-Rapid-Strike, F|22/100\n|-damage|p2a: Urshifu|16/100|[from] Stealth Rock\n|turn|43\n|\n|t:|1790536751\n|switch|p1a: Corviknight|Corviknight, M, shiny|21/100\n|-damage|p1a: Corviknight|9/100|[from] Stealth Rock\n|-ability|p1a: Corviknight|Pressure\n|move|p2a: Urshifu|Close Combat|p1a: Corviknight\n|-damage|p1a: Corviknight|0 fnt\n|-unboost|p2a: Urshifu|def|1\n|-unboost|p2a: Urshifu|spd|1\n|-damage|p2a: Urshifu|0 fnt|[from] item: Rocky Helmet|[of] p1a: Corviknight\n|faint|p1a: Corviknight\n|faint|p2a: Urshifu\n|\n|win|zDarky\n|c|\u2606zDarky|gg\n|c|\u2606Simuxxie|gg\n", "uploadtime": 1790536751, "views": "27", "formatid": "gen8ou", "rating": null, "private": 0, "password": null}