{"id": "smogtours-gen8ou-975020", "format": "[Gen 8] OU", "players": ["Spoontech", "watashi"], "log": "|inactive|Battle timer is ON: inactive players will automatically lose when time's up.\n|t:|1790531834\n|gametype|singles\n|player|p1|Spoontech|#wcop2026netherlands2|\n|player|p2|watashi|#watashisnow|\n|gen|8\n|tier|[Gen 8] OU\n|rule|HP Percentage Mod: HP is shown in percentages\n|rule|Endless Battle Clause: Forcing endless battles is banned\n|rule|Sleep Clause Mod: Limit one foe put to sleep\n|rule|Species Clause: Limit one of each Pok\u00e9mon\n|rule|OHKO Clause: OHKO moves are banned\n|rule|Evasion Items Clause: Evasion items are banned\n|rule|Evasion Moves Clause: Evasion moves are banned\n|rule|Dynamax Clause: You cannot dynamax\n|clearpoke\n|poke|p1|Tornadus-Therian, M|\n|poke|p1|Arctozolt|\n|poke|p1|Volcanion|\n|poke|p1|Corviknight, F|\n|poke|p1|Ninetales-Alola, F|\n|poke|p1|Landorus-Therian, M|\n|poke|p2|Hippowdon, M|\n|poke|p2|Toxapex, F|\n|poke|p2|Blacephalon|\n|poke|p2|Clefable, M|\n|poke|p2|Excadrill, M|\n|poke|p2|Skarmory, F|\n|teampreview\n|c|\u2606watashi|glhf\n|c|\u2606Spoontech|glhf\n|\n|t:|1790531863\n|teamsize|p1|6\n|teamsize|p2|6\n|start\n|switch|p1a: General Graardor|Landorus-Therian, M|100/100\n|switch|p2a: Toxapex|Toxapex, F|100/100\n|-ability|p1a: General Graardor|Intimidate|boost\n|-unboost|p2a: Toxapex|atk|1\n|turn|1\n|\n|t:|1790531871\n|move|p1a: General Graardor|U-turn|p2a: Toxapex\n|-resisted|p2a: Toxapex\n|-damage|p2a: Toxapex|92/100\n|\n|t:|1790531876\n|switch|p1a: Wingman Skree|Corviknight, F, shiny|100/100|[from] U-turn\n|-ability|p1a: Wingman Skree|Pressure\n|move|p2a: Toxapex|Toxic Spikes|p1a: Wingman Skree\n|-sidestart|p1: Spoontech|move: Toxic Spikes\n|\n|upkeep\n|turn|2\n|\n|t:|1790531883\n|move|p1a: Wingman Skree|Defog|p2a: Toxapex\n|-unboost|p2a: Toxapex|evasion|1\n|-sideend|p1: Spoontech|Toxic Spikes|[from] move: Defog|[of] p1a: Wingman Skree\n|move|p2a: Toxapex|Knock Off|p1a: Wingman Skree\n|-damage|p1a: Wingman Skree|94/100\n|-damage|p2a: Toxapex|75/100|[from] item: Rocky Helmet|[of] p1a: Wingman Skree\n|-enditem|p1a: Wingman Skree|Rocky Helmet|[from] move: Knock Off|[of] p2a: Toxapex\n|\n|upkeep\n|turn|3\n|\n|t:|1790531887\n|switch|p1a: Skeletal Wyvern|Arctozolt, shiny|100/100\n|move|p2a: Toxapex|Toxic Spikes|p1a: Skeletal Wyvern\n|-sidestart|p1: Spoontech|move: Toxic Spikes\n|\n|upkeep\n|turn|4\n|\n|t:|1790531897\n|switch|p2a: Excadrill|Excadrill, M|100/100\n|move|p1a: Skeletal Wyvern|Blizzard|p2a: Excadrill|[miss]\n|-miss|p1a: Skeletal Wyvern|p2a: Excadrill\n|\n|upkeep\n|turn|5\n|\n|t:|1790531903\n|switch|p2a: Blacephalon|Blacephalon|100/100\n|switch|p1a: Wingman Skree|Corviknight, F, shiny|94/100\n|-ability|p1a: Wingman Skree|Pressure\n|\n|upkeep\n|turn|6\n|\n|t:|1790531910\n|switch|p1a: Kree'arra|Tornadus-Therian, M|100/100\n|move|p2a: Blacephalon|Shadow Ball|p1a: Kree'arra\n|-damage|p1a: Kree'arra|55/100\n|\n|upkeep\n|turn|7\n|\n|t:|1790531920\n|switch|p2a: Toxapex|Toxapex, F|100/100\n|move|p1a: Kree'arra|Knock Off|p2a: Toxapex\n|-damage|p2a: Toxapex|85/100\n|-enditem|p2a: Toxapex|Shed Shell|[from] move: Knock Off|[of] p1a: Kree'arra\n|\n|upkeep\n|turn|8\n|\n|t:|1790531927\n|switch|p1a: Wingman Skree|Corviknight, F, shiny|94/100\n|-ability|p1a: Wingman Skree|Pressure\n|move|p2a: Toxapex|Scald|p1a: Wingman Skree\n|-damage|p1a: Wingman Skree|78/100\n|\n|upkeep\n|turn|9\n|\n|t:|1790531932\n|switch|p2a: Blacephalon|Blacephalon|100/100\n|move|p1a: Wingman Skree|Defog|p2a: Blacephalon\n|-unboost|p2a: Blacephalon|evasion|1\n|-sideend|p1: Spoontech|Toxic Spikes|[from] move: Defog|[of] p1a: Wingman Skree\n|\n|upkeep\n|turn|10\n|\n|t:|1790531934\n|switch|p1a: Kree'arra|Tornadus-Therian, M|88/100\n|move|p2a: Blacephalon|Overheat|p1a: Kree'arra\n|-damage|p1a: Kree'arra|3/100\n|-unboost|p2a: Blacephalon|spa|2\n|\n|upkeep\n|turn|11\n|\n|t:|1790531954\n|switch|p1a: Cmdr. Zilyana|Ninetales-Alola, F|100/100\n|-weather|Hail|[from] ability: Snow Warning|[of] p1a: Cmdr. Zilyana\n|switch|p2a: Skarmory|Skarmory, F|100/100\n|\n|-weather|Hail|[upkeep]\n|-damage|p2a: Skarmory|94/100|[from] Hail\n|upkeep\n|turn|12\n|\n|t:|1790531960\n|switch|p1a: TzTok-Jad|Volcanion|100/100\n|move|p2a: Skarmory|Spikes|p1a: TzTok-Jad\n|-sidestart|p1: Spoontech|Spikes\n|\n|-weather|Hail|[upkeep]\n|-damage|p1a: TzTok-Jad|95/100|[from] Hail\n|-damage|p2a: Skarmory|88/100|[from] Hail\n|upkeep\n|turn|13\n|\n|t:|1790531966\n|switch|p2a: Toxapex|Toxapex, F|100/100\n|move|p1a: TzTok-Jad|Steam Eruption|p2a: Toxapex\n|-resisted|p2a: Toxapex\n|-damage|p2a: Toxapex|74/100\n|\n|-weather|Hail|[upkeep]\n|-damage|p1a: TzTok-Jad|89/100|[from] Hail\n|-damage|p2a: Toxapex|68/100|[from] Hail\n|upkeep\n|turn|14\n|\n|t:|1790531975\n|switch|p1a: Kree'arra|Tornadus-Therian, M|37/100\n|move|p2a: Toxapex|Toxic Spikes|p1a: Kree'arra\n|-sidestart|p1: Spoontech|move: Toxic Spikes\n|\n|-weather|Hail|[upkeep]\n|-damage|p1a: Kree'arra|30/100|[from] Hail\n|-damage|p2a: Toxapex|63/100|[from] Hail\n|upkeep\n|turn|15\n|\n|t:|1790531980\n|switch|p1a: Wingman Skree|Corviknight, F, shiny|78/100\n|-ability|p1a: Wingman Skree|Pressure\n|move|p2a: Toxapex|Knock Off|p1a: Wingman Skree\n|-damage|p1a: Wingman Skree|72/100\n|\n|-weather|Hail|[upkeep]\n|-damage|p1a: Wingman Skree|66/100|[from] Hail\n|-damage|p2a: Toxapex|57/100|[from] Hail\n|upkeep\n|turn|16\n|\n|t:|1790531985\n|switch|p2a: Blacephalon|Blacephalon|100/100\n|move|p1a: Wingman Skree|U-turn|p2a: Blacephalon\n|-resisted|p2a: Blacephalon\n|-damage|p2a: Blacephalon|93/100\n|\n|t:|1790531987\n|switch|p1a: Kree'arra|Tornadus-Therian, M|64/100|[from] U-turn\n|\n|-weather|Hail|[upkeep]\n|-damage|p1a: Kree'arra|58/100|[from] Hail\n|-damage|p2a: Blacephalon|87/100|[from] Hail\n|upkeep\n|turn|17\n|\n|t:|1790531994\n|switch|p2a: Hippowdon|Hippowdon, M|100/100\n|-weather|Sandstorm|[from] ability: Sand Stream|[of] p2a: Hippowdon\n|move|p1a: Kree'arra|Knock Off|p2a: Hippowdon\n|-damage|p2a: Hippowdon|87/100\n|-enditem|p2a: Hippowdon|Smooth Rock|[from] move: Knock Off|[of] p1a: Kree'arra\n|\n|-weather|Sandstorm|[upkeep]\n|-damage|p1a: Kree'arra|51/100|[from] Sandstorm\n|upkeep\n|turn|18\n|\n|t:|1790532000\n|switch|p1a: Wingman Skree|Corviknight, F, shiny|66/100\n|-ability|p1a: Wingman Skree|Pressure\n|move|p2a: Hippowdon|Toxic|p1a: Wingman Skree|[miss]\n|-miss|p2a: Hippowdon|p1a: Wingman Skree\n|\n|-weather|Sandstorm|[upkeep]\n|upkeep\n|turn|19\n|\n|t:|1790532004\n|switch|p2a: Blacephalon|Blacephalon|87/100\n|move|p1a: Wingman Skree|U-turn|p2a: Blacephalon\n|-resisted|p2a: Blacephalon\n|-damage|p2a: Blacephalon|79/100\n|\n|t:|1790532006\n|switch|p1a: Kree'arra|Tornadus-Therian, M|85/100|[from] U-turn\n|\n|-weather|Sandstorm|[upkeep]\n|-damage|p1a: Kree'arra|79/100|[from] Sandstorm\n|-damage|p2a: Blacephalon|73/100|[from] Sandstorm\n|upkeep\n|turn|20\n|\n|t:|1790532020\n|switch|p2a: Toxapex|Toxapex, F|90/100\n|move|p1a: Kree'arra|Knock Off|p2a: Toxapex\n|-damage|p2a: Toxapex|80/100\n|\n|-weather|Sandstorm|[upkeep]\n|-damage|p1a: Kree'arra|73/100|[from] Sandstorm\n|-damage|p2a: Toxapex|74/100|[from] Sandstorm\n|upkeep\n|turn|21\n|\n|t:|1790532025\n|switch|p1a: General Graardor|Landorus-Therian, M|100/100\n|-ability|p1a: General Graardor|Intimidate|boost\n|-unboost|p2a: Toxapex|atk|1\n|move|p2a: Toxapex|Scald|p1a: General Graardor\n|-supereffective|p1a: General Graardor\n|-damage|p1a: General Graardor|78/100\n|\n|-weather|Sandstorm|[upkeep]\n|-damage|p2a: Toxapex|68/100|[from] Sandstorm\n|-heal|p1a: General Graardor|84/100|[from] item: Leftovers\n|upkeep\n|turn|22\n|\n|t:|1790532032\n|switch|p2a: Skarmory|Skarmory, F|88/100\n|move|p1a: General Graardor|U-turn|p2a: Skarmory\n|-resisted|p2a: Skarmory\n|-damage|p2a: Skarmory|85/100\n|-damage|p1a: General Graardor|67/100|[from] item: Rocky Helmet|[of] p2a: Skarmory\n|\n|t:|1790532037\n|switch|p1a: Wingman Skree|Corviknight, F, shiny|66/100|[from] U-turn\n|-ability|p1a: Wingman Skree|Pressure\n|\n|-weather|Sandstorm|[upkeep]\n|upkeep\n|turn|23\n|\n|t:|1790532039\n|switch|p2a: Blacephalon|Blacephalon|73/100\n|move|p1a: Wingman Skree|U-turn|p2a: Blacephalon\n|-resisted|p2a: Blacephalon\n|-damage|p2a: Blacephalon|65/100\n|\n|t:|1790532042\n|switch|p1a: Kree'arra|Tornadus-Therian, M|100/100|[from] U-turn\n|\n|-weather|Sandstorm|[upkeep]\n|-damage|p1a: Kree'arra|94/100|[from] Sandstorm\n|-damage|p2a: Blacephalon|59/100|[from] Sandstorm\n|upkeep\n|turn|24\n|\n|t:|1790532050\n|switch|p2a: Toxapex|Toxapex, F|100/100\n|move|p1a: Kree'arra|Weather Ball|p2a: Toxapex\n|-damage|p2a: Toxapex|84/100\n|\n|-weather|none\n|upkeep\n|turn|25\n|\n|t:|1790532059\n|move|p1a: Kree'arra|U-turn|p2a: Toxapex\n|-resisted|p2a: Toxapex\n|-damage|p2a: Toxapex|78/100\n|\n|t:|1790532060\n|switch|p1a: Wingman Skree|Corviknight, F, shiny|66/100|[from] U-turn\n|-ability|p1a: Wingman Skree|Pressure\n|move|p2a: Toxapex|Scald|p1a: Wingman Skree\n|-damage|p1a: Wingman Skree|50/100\n|\n|upkeep\n|turn|26\n|\n|t:|1790532063\n|move|p1a: Wingman Skree|U-turn|p2a: Toxapex\n|-resisted|p2a: Toxapex\n|-damage|p2a: Toxapex|73/100\n|\n|t:|1790532065\n|switch|p1a: General Graardor|Landorus-Therian, M|67/100|[from] U-turn\n|-ability|p1a: General Graardor|Intimidate|boost\n|-unboost|p2a: Toxapex|atk|1\n|move|p2a: Toxapex|Scald|p1a: General Graardor\n|-supereffective|p1a: General Graardor\n|-damage|p1a: General Graardor|40/100\n|\n|-heal|p1a: General Graardor|46/100|[from] item: Leftovers\n|upkeep\n|turn|27\n|\n|t:|1790532072\n|switch|p1a: Wingman Skree|Corviknight, F, shiny|50/100\n|-ability|p1a: Wingman Skree|Pressure\n|switch|p2a: Hippowdon|Hippowdon, M|87/100\n|-weather|Sandstorm|[from] ability: Sand Stream|[of] p2a: Hippowdon\n|\n|-weather|Sandstorm|[upkeep]\n|upkeep\n|turn|28\n|\n|t:|1790532078\n|switch|p2a: Blacephalon|Blacephalon|59/100\n|move|p1a: Wingman Skree|Defog|p2a: Blacephalon\n|-unboost|p2a: Blacephalon|evasion|1\n|-sideend|p1: Spoontech|Spikes|[from] move: Defog|[of] p1a: Wingman Skree\n|-sideend|p1: Spoontech|Toxic Spikes|[from] move: Defog|[of] p1a: Wingman Skree\n|\n|-weather|Sandstorm|[upkeep]\n|-damage|p2a: Blacephalon|53/100|[from] Sandstorm\n|upkeep\n|turn|29\n|\n|t:|1790532083\n|switch|p1a: Kree'arra|Tornadus-Therian, M|100/100\n|move|p2a: Blacephalon|Overheat|p1a: Kree'arra\n|-damage|p1a: Kree'arra|19/100\n|-unboost|p2a: Blacephalon|spa|2\n|\n|-weather|Sandstorm|[upkeep]\n|-damage|p1a: Kree'arra|13/100|[from] Sandstorm\n|-damage|p2a: Blacephalon|47/100|[from] Sandstorm\n|upkeep\n|turn|30\n|\n|t:|1790532095\n|switch|p1a: TzTok-Jad|Volcanion|89/100\n|switch|p2a: Skarmory|Skarmory, F|85/100\n|\n|-weather|Sandstorm|[upkeep]\n|-damage|p1a: TzTok-Jad|83/100|[from] Sandstorm\n|upkeep\n|turn|31\n|\n|t:|1790532106\n|switch|p1a: Kree'arra|Tornadus-Therian, M|46/100\n|switch|p2a: Toxapex|Toxapex, F|100/100\n|\n|-weather|none\n|upkeep\n|turn|32\n|\n|t:|1790532111\n|switch|p1a: Wingman Skree|Corviknight, F, shiny|50/100\n|-ability|p1a: Wingman Skree|Pressure\n|move|p2a: Toxapex|Scald|p1a: Wingman Skree\n|-damage|p1a: Wingman Skree|34/100\n|-status|p1a: Wingman Skree|brn\n|\n|-damage|p1a: Wingman Skree|28/100 brn|[from] brn\n|upkeep\n|turn|33\n|\n|t:|1790532117\n|move|p1a: Wingman Skree|Roost|p1a: Wingman Skree\n|-heal|p1a: Wingman Skree|78/100 brn\n|-singleturn|p1a: Wingman Skree|move: Roost\n|move|p2a: Toxapex|Toxic Spikes|p1a: Wingman Skree\n|-sidestart|p1: Spoontech|move: Toxic Spikes\n|\n|-damage|p1a: Wingman Skree|71/100 brn|[from] brn\n|upkeep\n|turn|34\n|\n|t:|1790532120\n|switch|p2a: Blacephalon|Blacephalon|47/100\n|move|p1a: Wingman Skree|U-turn|p2a: Blacephalon\n|-resisted|p2a: Blacephalon\n|-damage|p2a: Blacephalon|43/100\n|\n|t:|1790532122\n|switch|p1a: Kree'arra|Tornadus-Therian, M|79/100|[from] U-turn\n|\n|upkeep\n|turn|35\n|\n|t:|1790532126\n|switch|p2a: Hippowdon|Hippowdon, M|87/100\n|-weather|Sandstorm|[from] ability: Sand Stream|[of] p2a: Hippowdon\n|move|p1a: Kree'arra|Knock Off|p2a: Hippowdon\n|-damage|p2a: Hippowdon|77/100\n|\n|-weather|Sandstorm|[upkeep]\n|-damage|p1a: Kree'arra|73/100|[from] Sandstorm\n|upkeep\n|turn|36\n|\n|t:|1790532131\n|move|p1a: Kree'arra|U-turn|p2a: Hippowdon\n|-damage|p2a: Hippowdon|66/100\n|\n|t:|1790532134\n|switch|p1a: Wingman Skree|Corviknight, F, shiny|71/100 brn|[from] U-turn\n|-ability|p1a: Wingman Skree|Pressure\n|move|p2a: Hippowdon|Stealth Rock|p1a: Wingman Skree\n|-sidestart|p1: Spoontech|move: Stealth Rock\n|\n|-weather|Sandstorm|[upkeep]\n|-damage|p1a: Wingman Skree|65/100 brn|[from] brn\n|upkeep\n|turn|37\n|\n|t:|1790532139\n|move|p2a: Hippowdon|Slack Off|p2a: Hippowdon\n|-heal|p2a: Hippowdon|100/100\n|move|p1a: Wingman Skree|Defog|p2a: Hippowdon\n|-unboost|p2a: Hippowdon|evasion|1\n|-sideend|p1: Spoontech|Toxic Spikes|[from] move: Defog|[of] p1a: Wingman Skree\n|-sideend|p1: Spoontech|Stealth Rock|[from] move: Defog|[of] p1a: Wingman Skree\n|\n|-weather|Sandstorm|[upkeep]\n|-damage|p1a: Wingman Skree|59/100 brn|[from] brn\n|upkeep\n|turn|38\n|\n|t:|1790532143\n|move|p2a: Hippowdon|Stealth Rock|p1a: Wingman Skree\n|-sidestart|p1: Spoontech|move: Stealth Rock\n|move|p1a: Wingman Skree|Roost|p1a: Wingman Skree\n|-heal|p1a: Wingman Skree|100/100 brn\n|-singleturn|p1a: Wingman Skree|move: Roost\n|\n|-weather|Sandstorm|[upkeep]\n|-damage|p1a: Wingman Skree|94/100 brn|[from] brn\n|upkeep\n|turn|39\n|\n|t:|1790532147\n|switch|p2a: Blacephalon|Blacephalon|43/100\n|move|p1a: Wingman Skree|Defog|p2a: Blacephalon\n|-unboost|p2a: Blacephalon|evasion|1\n|-sideend|p1: Spoontech|Stealth Rock|[from] move: Defog|[of] p1a: Wingman Skree\n|\n|-weather|none\n|-damage|p1a: Wingman Skree|88/100 brn|[from] brn\n|upkeep\n|turn|40\n|\n|t:|1790532154\n|switch|p1a: Kree'arra|Tornadus-Therian, M|100/100\n|move|p2a: Blacephalon|Overheat|p1a: Kree'arra\n|-damage|p1a: Kree'arra|25/100\n|-unboost|p2a: Blacephalon|spa|2\n|\n|upkeep\n|turn|41\n|\n|t:|1790532163\n|switch|p2a: Hippowdon|Hippowdon, M|100/100\n|-weather|Sandstorm|[from] ability: Sand Stream|[of] p2a: Hippowdon\n|move|p1a: Kree'arra|U-turn|p2a: Hippowdon\n|-damage|p2a: Hippowdon|90/100\n|\n|t:|1790532165\n|switch|p1a: TzTok-Jad|Volcanion|83/100|[from] U-turn\n|\n|-weather|Sandstorm|[upkeep]\n|-damage|p1a: TzTok-Jad|77/100|[from] Sandstorm\n|upkeep\n|turn|42\n|\n|t:|1790532168\n|switch|p2a: Toxapex|Toxapex, F|100/100\n|move|p1a: TzTok-Jad|Steam Eruption|p2a: Toxapex\n|-resisted|p2a: Toxapex\n|-damage|p2a: Toxapex|71/100\n|\n|-weather|Sandstorm|[upkeep]\n|-damage|p1a: TzTok-Jad|71/100|[from] Sandstorm\n|-damage|p2a: Toxapex|66/100|[from] Sandstorm\n|upkeep\n|turn|43\n|\n|t:|1790532172\n|switch|p1a: Kree'arra|Tornadus-Therian, M|59/100\n|move|p2a: Toxapex|Knock Off|p1a: Kree'arra\n|-damage|p1a: Kree'arra|46/100\n|-enditem|p1a: Kree'arra|Assault Vest|[from] move: Knock Off|[of] p2a: Toxapex\n|\n|-weather|Sandstorm|[upkeep]\n|-damage|p1a: Kree'arra|40/100|[from] Sandstorm\n|-damage|p2a: Toxapex|60/100|[from] Sandstorm\n|upkeep\n|turn|44\n|\n|t:|1790532178\n|move|p1a: Kree'arra|U-turn|p2a: Toxapex\n|-resisted|p2a: Toxapex\n|-damage|p2a: Toxapex|54/100\n|\n|t:|1790532181\n|switch|p1a: Cmdr. Zilyana|Ninetales-Alola, F|100/100|[from] U-turn\n|-weather|Hail|[from] ability: Snow Warning|[of] p1a: Cmdr. Zilyana\n|move|p2a: Toxapex|Toxic Spikes|p1a: Cmdr. Zilyana\n|-sidestart|p1: Spoontech|move: Toxic Spikes\n|\n|-weather|Hail|[upkeep]\n|-damage|p2a: Toxapex|48/100|[from] Hail\n|upkeep\n|turn|45\n|\n|t:|1790532191\n|switch|p2a: Hippowdon|Hippowdon, M|90/100\n|-weather|Sandstorm|[from] ability: Sand Stream|[of] p2a: Hippowdon\n|move|p1a: Cmdr. Zilyana|Hypnosis|p2a: Hippowdon\n|-status|p2a: Hippowdon|slp|[from] move: Hypnosis\n|\n|-weather|Sandstorm|[upkeep]\n|-damage|p1a: Cmdr. Zilyana|94/100|[from] Sandstorm\n|upkeep\n|turn|46\n|\n|t:|1790532205\n|switch|p1a: Wingman Skree|Corviknight, F, shiny|88/100 brn\n|-ability|p1a: Wingman Skree|Pressure\n|switch|p2a: Excadrill|Excadrill, M|100/100\n|\n|-weather|Sandstorm|[upkeep]\n|-damage|p1a: Wingman Skree|82/100 brn|[from] brn\n|upkeep\n|turn|47\n|\n|t:|1790532209\n|move|p2a: Excadrill|Swords Dance|p2a: Excadrill\n|-boost|p2a: Excadrill|atk|2\n|move|p1a: Wingman Skree|U-turn|p2a: Excadrill\n|-resisted|p2a: Excadrill\n|-damage|p2a: Excadrill|95/100\n|\n|t:|1790532214\n|switch|p1a: General Graardor|Landorus-Therian, M|46/100|[from] U-turn\n|-ability|p1a: General Graardor|Intimidate|boost\n|-unboost|p2a: Excadrill|atk|1\n|\n|-weather|Sandstorm|[upkeep]\n|-heal|p2a: Excadrill|100/100|[from] item: Leftovers\n|-heal|p1a: General Graardor|52/100|[from] item: Leftovers\n|upkeep\n|turn|48\n|\n|t:|1790532217\n|switch|p2a: Skarmory|Skarmory, F|85/100\n|switch|p1a: Wingman Skree|Corviknight, F, shiny|82/100 brn\n|-ability|p1a: Wingman Skree|Pressure\n|\n|-weather|Sandstorm|[upkeep]\n|-damage|p1a: Wingman Skree|75/100 brn|[from] brn\n|upkeep\n|turn|49\n|\n|t:|1790532223\n|switch|p2a: Blacephalon|Blacephalon|43/100\n|move|p1a: Wingman Skree|Defog|p2a: Blacephalon\n|-unboost|p2a: Blacephalon|evasion|1\n|-sideend|p1: Spoontech|Toxic Spikes|[from] move: Defog|[of] p1a: Wingman Skree\n|\n|-weather|none\n|-damage|p1a: Wingman Skree|69/100 brn|[from] brn\n|upkeep\n|turn|50\n|\n|t:|1790532234\n|move|p2a: Blacephalon|Shadow Ball|p1a: Wingman Skree\n|-damage|p1a: Wingman Skree|0 fnt\n|faint|p1a: Wingman Skree\n|-ability|p2a: Blacephalon|Beast Boost|boost\n|-boost|p2a: Blacephalon|spa|1\n|\n|upkeep\n|\n|t:|1790532237\n|switch|p1a: Kree'arra|Tornadus-Therian, M|73/100\n|turn|51\n|\n|t:|1790532243\n|switch|p2a: Toxapex|Toxapex, F|81/100\n|move|p1a: Kree'arra|U-turn|p2a: Toxapex\n|-resisted|p2a: Toxapex\n|-damage|p2a: Toxapex|76/100\n|\n|t:|1790532244\n|switch|p1a: Skeletal Wyvern|Arctozolt, shiny|100/100|[from] U-turn\n|\n|upkeep\n|turn|52\n|\n|t:|1790532250\n|switch|p2a: Excadrill|Excadrill, M|100/100\n|move|p1a: Skeletal Wyvern|Substitute|p1a: Skeletal Wyvern\n|-start|p1a: Skeletal Wyvern|Substitute\n|-damage|p1a: Skeletal Wyvern|76/100\n|\n|-heal|p1a: Skeletal Wyvern|82/100|[from] item: Leftovers\n|upkeep\n|turn|53\n|\n|t:|1790532256\n|move|p2a: Excadrill|Earthquake|p1a: Skeletal Wyvern\n|-supereffective|p1a: Skeletal Wyvern\n|-end|p1a: Skeletal Wyvern|Substitute\n|move|p1a: Skeletal Wyvern|Blizzard|p2a: Excadrill\n|-damage|p2a: Excadrill|48/100\n|\n|-heal|p2a: Excadrill|54/100|[from] item: Leftovers\n|-heal|p1a: Skeletal Wyvern|88/100|[from] item: Leftovers\n|upkeep\n|turn|54\n|\n|t:|1790532264\n|switch|p1a: General Graardor|Landorus-Therian, M|52/100\n|-ability|p1a: General Graardor|Intimidate|boost\n|-unboost|p2a: Excadrill|atk|1\n|move|p2a: Excadrill|Iron Head|p1a: General Graardor\n|-damage|p1a: General Graardor|26/100\n|\n|-heal|p2a: Excadrill|61/100|[from] item: Leftovers\n|-heal|p1a: General Graardor|32/100|[from] item: Leftovers\n|upkeep\n|turn|55\n|\n|t:|1790532272\n|switch|p2a: Skarmory|Skarmory, F|85/100\n|move|p1a: General Graardor|Stealth Rock|p2a: Skarmory\n|-sidestart|p2: watashi|move: Stealth Rock\n|\n|-heal|p1a: General Graardor|38/100|[from] item: Leftovers\n|upkeep\n|turn|56\n|\n|t:|1790532275\n|switch|p1a: Skeletal Wyvern|Arctozolt, shiny|88/100\n|move|p2a: Skarmory|Body Press|p1a: Skeletal Wyvern\n|-supereffective|p1a: Skeletal Wyvern\n|-damage|p1a: Skeletal Wyvern|11/100\n|\n|-heal|p1a: Skeletal Wyvern|18/100|[from] item: Leftovers\n|upkeep\n|turn|57\n|\n|t:|1790532286\n|switch|p2a: Hippowdon|Hippowdon, M|90/100 slp\n|-damage|p2a: Hippowdon|83/100 slp|[from] Stealth Rock\n|-weather|Sandstorm|[from] ability: Sand Stream|[of] p2a: Hippowdon\n|move|p1a: Skeletal Wyvern|Blizzard|p2a: Hippowdon|[miss]\n|-miss|p1a: Skeletal Wyvern|p2a: Hippowdon\n|\n|-weather|Sandstorm|[upkeep]\n|-damage|p1a: Skeletal Wyvern|11/100|[from] Sandstorm\n|-heal|p1a: Skeletal Wyvern|18/100|[from] item: Leftovers\n|upkeep\n|turn|58\n|\n|t:|1790532294\n|switch|p1a: Cmdr. Zilyana|Ninetales-Alola, F|94/100\n|-weather|Hail|[from] ability: Snow Warning|[of] p1a: Cmdr. Zilyana\n|switch|p2a: Clefable|Clefable, M|100/100\n|\n|-weather|Hail|[upkeep]\n|upkeep\n|turn|59\n|\n|t:|1790532301\n|switch|p1a: Skeletal Wyvern|Arctozolt, shiny|18/100\n|move|p2a: Clefable|Knock Off|p1a: Skeletal Wyvern\n|-damage|p1a: Skeletal Wyvern|1/100\n|-enditem|p1a: Skeletal Wyvern|Leftovers|[from] move: Knock Off|[of] p2a: Clefable\n|\n|-weather|Hail|[upkeep]\n|upkeep\n|turn|60\n|\n|t:|1790532304\n|switch|p2a: Hippowdon|Hippowdon, M|83/100 slp\n|-damage|p2a: Hippowdon|77/100 slp|[from] Stealth Rock\n|-weather|Sandstorm|[from] ability: Sand Stream|[of] p2a: Hippowdon\n|move|p1a: Skeletal Wyvern|Blizzard|p2a: Hippowdon|[miss]\n|-miss|p1a: Skeletal Wyvern|p2a: Hippowdon\n|\n|-weather|Sandstorm|[upkeep]\n|-damage|p1a: Skeletal Wyvern|0 fnt|[from] Sandstorm\n|faint|p1a: Skeletal Wyvern\n|upkeep\n|c|\u2606Spoontech|gg1\n|-message|Spoontech forfeited.\n|\n|win|watashi\n|player|p1|\n|c|\u2606watashi|gg\n", "uploadtime": 1790532316, "views": "40", "formatid": "gen8ou", "rating": null, "private": 0, "password": null}