{"id": "smogtours-gen8ou-976111", "format": "[Gen 8] OU", "players": ["dragonite4242", "Dukoduko"], "log": "|inactive|Battle timer is ON: inactive players will automatically lose when time's up.\n|t:|1791038323\n|gametype|singles\n|player|p1|dragonite4242|265|\n|player|p2|Dukoduko|#wcop2026mexico2|\n|gen|8\n|tier|[Gen 8] OU\n|rule|HP Percentage Mod: HP is shown in percentages\n|rule|Endless Battle Clause: Forcing endless battles is banned\n|rule|Sleep Clause Mod: Limit one foe put to sleep\n|rule|Species Clause: Limit one of each Pok\u00e9mon\n|rule|OHKO Clause: OHKO moves are banned\n|rule|Evasion Items Clause: Evasion items are banned\n|rule|Evasion Moves Clause: Evasion moves are banned\n|rule|Dynamax Clause: You cannot dynamax\n|clearpoke\n|poke|p1|Pelipper, M|\n|poke|p1|Seismitoad, M|\n|poke|p1|Cresselia, F|\n|poke|p1|Ferrothorn, F|\n|poke|p1|Crawdaunt, F|\n|poke|p1|Volcanion|\n|poke|p2|Slowking-Galar, F|\n|poke|p2|Urshifu-*, M|\n|poke|p2|Corviknight, F|\n|poke|p2|Garchomp, F|\n|poke|p2|Weavile, F|\n|poke|p2|Blacephalon|\n|teampreview\n|c|\u2606Dukoduko|Hf\n|\n|t:|1791038345\n|teamsize|p1|6\n|teamsize|p2|6\n|start\n|switch|p1a: Pelipper|Pelipper, M|100/100\n|switch|p2a: Slowking|Slowking-Galar, F|100/100\n|-weather|RainDance|[from] ability: Drizzle|[of] p1a: Pelipper\n|turn|1\n|c|\u2606dragonite4242|hf\n|\n|t:|1791038359\n|move|p1a: Pelipper|U-turn|p2a: Slowking\n|-damage|p2a: Slowking|91/100\n|\n|t:|1791038372\n|switch|p1a: Crawdaunt|Crawdaunt, F|100/100|[from] U-turn\n|move|p2a: Slowking|Sludge Bomb|p1a: Crawdaunt\n|-damage|p1a: Crawdaunt|23/100\n|\n|-weather|RainDance|[upkeep]\n|upkeep\n|turn|2\n|\n|t:|1791038379\n|switch|p2a: Corviknight|Corviknight, F|100/100\n|-ability|p2a: Corviknight|Pressure\n|move|p1a: Crawdaunt|Crabhammer|p2a: Corviknight\n|-damage|p2a: Corviknight|0 fnt\n|-damage|p1a: Crawdaunt|7/100|[from] item: Rocky Helmet|[of] p2a: Corviknight\n|faint|p2a: Corviknight\n|\n|-weather|RainDance|[upkeep]\n|upkeep\n|\n|t:|1791038397\n|switch|p2a: Urshifu|Urshifu-Rapid-Strike, M|100/100\n|turn|3\n|\n|t:|1791038408\n|switch|p1a: Ferrothorn|Ferrothorn, F|100/100\n|move|p2a: Urshifu|Close Combat|p1a: Ferrothorn\n|-supereffective|p1a: Ferrothorn\n|-damage|p1a: Ferrothorn|0 fnt\n|-unboost|p2a: Urshifu|def|1\n|-unboost|p2a: Urshifu|spd|1\n|-damage|p2a: Urshifu|88/100|[from] ability: Iron Barbs|[of] p1a: Ferrothorn\n|faint|p1a: Ferrothorn\n|\n|-weather|RainDance|[upkeep]\n|upkeep\n|\n|t:|1791038421\n|switch|p1a: Seismitoad|Seismitoad, M|100/100\n|turn|4\n|inactive|Dukoduko has 270 seconds left.\n|inactive|Dukoduko has 240 seconds left.\n|\n|t:|1791038488\n|switch|p2a: Garchomp|Garchomp, F|100/100\n|move|p1a: Seismitoad|Earth Power|p2a: Garchomp\n|-damage|p2a: Garchomp|60/100\n|\n|-weather|RainDance|[upkeep]\n|-heal|p2a: Garchomp|66/100|[from] item: Leftovers\n|upkeep\n|turn|5\n|\n|t:|1791038494\n|move|p2a: Garchomp|Protect|p2a: Garchomp\n|-singleturn|p2a: Garchomp|Protect\n|move|p1a: Seismitoad|Earth Power|p2a: Garchomp\n|-activate|p2a: Garchomp|move: Protect\n|\n|-weather|RainDance|[upkeep]\n|-heal|p2a: Garchomp|73/100|[from] item: Leftovers\n|upkeep\n|turn|6\n|\n|t:|1791038501\n|move|p1a: Seismitoad|Earth Power|p2a: Garchomp\n|-damage|p2a: Garchomp|31/100\n|move|p2a: Garchomp|Toxic|p1a: Seismitoad\n|-status|p1a: Seismitoad|tox\n|\n|-weather|RainDance|[upkeep]\n|-heal|p2a: Garchomp|38/100|[from] item: Leftovers\n|-damage|p1a: Seismitoad|95/100 tox|[from] psn\n|upkeep\n|turn|7\n|\n|t:|1791038524\n|switch|p1a: Cresselia|Cresselia, F|100/100\n|move|p2a: Garchomp|Protect||[still]\n|-fail|p2a: Garchomp\n|\n|-weather|RainDance|[upkeep]\n|-heal|p2a: Garchomp|44/100|[from] item: Leftovers\n|upkeep\n|turn|8\n|\n|t:|1791038534\n|switch|p2a: Blacephalon|Blacephalon|100/100\n|move|p1a: Cresselia|Ice Beam|p2a: Blacephalon\n|-resisted|p2a: Blacephalon\n|-damage|p2a: Blacephalon|86/100\n|\n|-weather|none\n|upkeep\n|turn|9\n|inactive|Dukoduko has 270 seconds left.\n|\n|t:|1791038548\n|move|p2a: Blacephalon|Shadow Ball|p1a: Cresselia\n|-supereffective|p1a: Cresselia\n|-damage|p1a: Cresselia|47/100\n|move|p1a: Cresselia|Trick Room|p1a: Cresselia\n|-fieldstart|move: Trick Room|[of] p1a: Cresselia\n|\n|upkeep\n|turn|10\n|\n|t:|1791038554\n|switch|p1a: Pelipper|Pelipper, M|100/100\n|-weather|RainDance|[from] ability: Drizzle|[of] p1a: Pelipper\n|move|p2a: Blacephalon|Shadow Ball|p1a: Pelipper\n|-damage|p1a: Pelipper|34/100\n|\n|-weather|RainDance|[upkeep]\n|upkeep\n|turn|11\n|\n|t:|1791038561\n|move|p1a: Pelipper|U-turn|p2a: Blacephalon\n|-resisted|p2a: Blacephalon\n|-damage|p2a: Blacephalon|82/100\n|\n|t:|1791038563\n|switch|p1a: Volcanion|Volcanion|100/100|[from] U-turn\n|move|p2a: Blacephalon|Shadow Ball|p1a: Volcanion\n|-damage|p1a: Volcanion|55/100\n|\n|-weather|RainDance|[upkeep]\n|upkeep\n|turn|12\n|\n|t:|1791038572\n|move|p1a: Volcanion|Steam Eruption|p2a: Blacephalon\n|-supereffective|p2a: Blacephalon\n|-damage|p2a: Blacephalon|0 fnt\n|faint|p2a: Blacephalon\n|\n|-weather|RainDance|[upkeep]\n|upkeep\n|\n|t:|1791038575\n|switch|p2a: Garchomp|Garchomp, F|44/100\n|turn|13\n|inactive|dragonite4242 has 270 seconds left.\n|inactive|dragonite4242 has 240 seconds left.\n|\n|t:|1791038639\n|move|p2a: Garchomp|Protect|p2a: Garchomp\n|-singleturn|p2a: Garchomp|Protect\n|move|p1a: Volcanion|Steam Eruption|p2a: Garchomp\n|-activate|p2a: Garchomp|move: Protect\n|\n|-weather|RainDance|[upkeep]\n|-heal|p2a: Garchomp|50/100|[from] item: Leftovers\n|-fieldend|move: Trick Room\n|upkeep\n|turn|14\n|\n|t:|1791038644\n|switch|p1a: Cresselia|Cresselia, F|47/100\n|move|p2a: Garchomp|Stealth Rock|p1a: Cresselia\n|-sidestart|p1: dragonite4242|move: Stealth Rock\n|\n|-weather|RainDance|[upkeep]\n|-heal|p2a: Garchomp|56/100|[from] item: Leftovers\n|upkeep\n|turn|15\n|\n|t:|1791038655\n|switch|p2a: Slowking|Slowking-Galar, F|100/100\n|move|p1a: Cresselia|Trick Room|p1a: Cresselia\n|-fieldstart|move: Trick Room|[of] p1a: Cresselia\n|\n|-weather|RainDance|[upkeep]\n|upkeep\n|turn|16\n|\n|t:|1791038664\n|move|p2a: Slowking|Future Sight|p1a: Cresselia\n|-start|p2a: Slowking|move: Future Sight\n|move|p1a: Cresselia|Lunar Dance|p1a: Cresselia\n|faint|p1a: Cresselia\n|\n|-weather|RainDance|[upkeep]\n|upkeep\n|\n|t:|1791038666\n|switch|p1a: Crawdaunt|Crawdaunt, F|7/100\n|-heal|p1a: Crawdaunt|100/100|[from] move: Lunar Dance\n|-damage|p1a: Crawdaunt|88/100|[from] Stealth Rock\n|turn|17\n|\n|t:|1791038675\n|switch|p2a: Garchomp|Garchomp, F|56/100\n|move|p1a: Crawdaunt|Crabhammer|p2a: Garchomp\n|-damage|p2a: Garchomp|0 fnt\n|-damage|p1a: Crawdaunt|76/100|[from] ability: Rough Skin|[of] p2a: Garchomp\n|faint|p2a: Garchomp\n|\n|-weather|none\n|upkeep\n|\n|t:|1791038681\n|switch|p2a: Urshifu|Urshifu-Rapid-Strike, M|88/100\n|turn|18\n|\n|t:|1791038689\n|switch|p1a: Pelipper|Pelipper, M|34/100\n|-damage|p1a: Pelipper|9/100|[from] Stealth Rock\n|-weather|RainDance|[from] ability: Drizzle|[of] p1a: Pelipper\n|move|p2a: Urshifu|Close Combat|p1a: Pelipper\n|-resisted|p1a: Pelipper\n|-damage|p1a: Pelipper|0 fnt\n|-unboost|p2a: Urshifu|def|1\n|-unboost|p2a: Urshifu|spd|1\n|faint|p1a: Pelipper\n|\n|-weather|RainDance|[upkeep]\n|-hint|Future Sight did not hit because the target is fainted.\n|upkeep\n|\n|t:|1791038697\n|switch|p1a: Volcanion|Volcanion|55/100\n|-damage|p1a: Volcanion|30/100|[from] Stealth Rock\n|turn|19\n|\n|t:|1791038701\n|switch|p2a: Slowking|Slowking-Galar, F|100/100\n|move|p1a: Volcanion|Steam Eruption|p2a: Slowking\n|-crit|p2a: Slowking\n|-damage|p2a: Slowking|0 fnt\n|faint|p2a: Slowking\n|\n|-weather|RainDance|[upkeep]\n|-fieldend|move: Trick Room\n|upkeep\n|inactive|Dukoduko has 270 seconds left.\n|inactive|Dukoduko has 240 seconds left.\n|\n|t:|1791038783\n|switch|p2a: Urshifu|Urshifu-Rapid-Strike, M|88/100\n|turn|20\n|\n|t:|1791038797\n|move|p2a: Urshifu|Close Combat|p1a: Volcanion\n|-damage|p1a: Volcanion|0 fnt\n|-unboost|p2a: Urshifu|def|1\n|-unboost|p2a: Urshifu|spd|1\n|faint|p1a: Volcanion\n|\n|-weather|RainDance|[upkeep]\n|upkeep\n|\n|t:|1791038819\n|switch|p1a: Seismitoad|Seismitoad, M|95/100 tox\n|-damage|p1a: Seismitoad|89/100 tox|[from] Stealth Rock\n|turn|21\n|\n|t:|1791038824\n|switch|p2a: Weavile|Weavile, F|100/100\n|-ability|p2a: Weavile|Pressure\n|move|p1a: Seismitoad|Weather Ball|p2a: Weavile\n|-damage|p2a: Weavile|0 fnt\n|faint|p2a: Weavile\n|\n|-weather|RainDance|[upkeep]\n|-damage|p1a: Seismitoad|83/100 tox|[from] psn\n|upkeep\n|\n|t:|1791038835\n|switch|p2a: Urshifu|Urshifu-Rapid-Strike, M|88/100\n|turn|22\n|inactive|dragonite4242 has 270 seconds left.\n|\n|t:|1791038866\n|move|p1a: Seismitoad|Weather Ball|p2a: Urshifu\n|-resisted|p2a: Urshifu\n|-damage|p2a: Urshifu|14/100\n|move|p2a: Urshifu|Surging Strikes|p1a: Seismitoad\n|-crit|p1a: Seismitoad\n|-damage|p1a: Seismitoad|24/100 tox\n|-crit|p1a: Seismitoad\n|-damage|p1a: Seismitoad|0 fnt\n|faint|p1a: Seismitoad\n|-hitcount|p1: Seismitoad|2\n|\n|-weather|RainDance|[upkeep]\n|upkeep\n|\n|t:|1791038868\n|switch|p1a: Crawdaunt|Crawdaunt, F|76/100\n|-damage|p1a: Crawdaunt|63/100|[from] Stealth Rock\n|turn|23\n|\n|t:|1791038872\n|move|p1a: Crawdaunt|Aqua Jet|p2a: Urshifu\n|-resisted|p2a: Urshifu\n|-damage|p2a: Urshifu|0 fnt\n|faint|p2a: Urshifu\n|\n|win|dragonite4242\n|c|\u2606Dukoduko|Gg\n|c|\u2606dragonite4242|gg\n|player|p2|\n|player|p2|Dukoduko|#wcop2026mexico2|\n|player|p2|\n", "uploadtime": 1791038872, "views": "31", "formatid": "gen8ou", "rating": null, "private": 0, "password": null}