{"id": "smogtours-gen8ou-974665", "format": "[Gen 8] OU", "players": ["Kaboom", "a long lost"], "log": "|inactive|Battle timer is ON: inactive players will automatically lose when time's up.\n|t:|1790456509\n|gametype|singles\n|player|p1|Kaboom|#scl6dynamos2|\n|player|p2|a long lost|cynthia-masters4|\n|gen|8\n|tier|[Gen 8] OU\n|rule|HP Percentage Mod: HP is shown in percentages\n|rule|Endless Battle Clause: Forcing endless battles is banned\n|rule|Sleep Clause Mod: Limit one foe put to sleep\n|rule|Species Clause: Limit one of each Pok\u00e9mon\n|rule|OHKO Clause: OHKO moves are banned\n|rule|Evasion Items Clause: Evasion items are banned\n|rule|Evasion Moves Clause: Evasion moves are banned\n|rule|Dynamax Clause: You cannot dynamax\n|clearpoke\n|poke|p1|Clefable, F|\n|poke|p1|Gastrodon-East, F|\n|poke|p1|Rillaboom, F|\n|poke|p1|Melmetal|\n|poke|p1|Heatran, M|\n|poke|p1|Tornadus-Therian, M|\n|poke|p2|Tapu Lele|\n|poke|p2|Urshifu-*, M|\n|poke|p2|Landorus-Therian, M|\n|poke|p2|Heatran, M|\n|poke|p2|Dragapult, F|\n|poke|p2|Weavile, M|\n|teampreview\n|c|\u2606a long lost|glhf freiend\n|c|\u2606Kaboom|u2\n|inactive|Kaboom has 270 seconds left.\n|inactive|a long lost has 270 seconds left.\n|inactive|Kaboom has 240 seconds left.\n|inactive|a long lost has 240 seconds left.\n|inactive|Kaboom has 210 seconds left.\n|inactive|a long lost has 210 seconds left.\n|inactive|Kaboom has 180 seconds left.\n|inactive|a long lost has 180 seconds left.\n|inactive|Kaboom has 150 seconds left.\n|\n|t:|1790456678\n|teamsize|p1|6\n|teamsize|p2|6\n|start\n|switch|p1a: Gastrodon|Gastrodon-East, F|100/100\n|switch|p2a: Tapu Lele|Tapu Lele|100/100\n|-fieldstart|move: Psychic Terrain|[from] ability: Psychic Surge|[of] p2a: Tapu Lele\n|turn|1\n|inactive|Kaboom has 180 seconds left.\n|inactive|Kaboom has 150 seconds left.\n|inactive|a long lost has 210 seconds left.\n|\n|t:|1790456746\n|move|p2a: Tapu Lele|Psyshock|p1a: Gastrodon\n|-damage|p1a: Gastrodon|31/100\n|move|p1a: Gastrodon|Toxic|p2a: Tapu Lele\n|-status|p2a: Tapu Lele|tox\n|\n|-heal|p1a: Gastrodon|38/100|[from] item: Leftovers\n|-damage|p2a: Tapu Lele|95/100 tox|[from] psn\n|upkeep\n|turn|2\n|inactive|a long lost has 210 seconds left.\n|inactive|Kaboom has 120 seconds left.\n|inactive|a long lost has 180 seconds left.\n|inactive|Kaboom has 90 seconds left.\n|inactive|Kaboom has 60 seconds left.\n|inactive|a long lost has 150 seconds left.\n|\n|t:|1790456853\n|switch|p1a: Tornadus|Tornadus-Therian, M|100/100\n|move|p2a: Tapu Lele|Future Sight|p1a: Tornadus\n|-start|p2a: Tapu Lele|move: Future Sight\n|\n|-damage|p2a: Tapu Lele|83/100 tox|[from] psn\n|upkeep\n|turn|3\n|inactive|a long lost has 150 seconds left.\n|\n|t:|1790456875\n|switch|p2a: Heatran|Heatran, M|100/100\n|-item|p2a: Heatran|Air Balloon\n|move|p1a: Tornadus|Knock Off|p2a: Heatran\n|-damage|p2a: Heatran|83/100\n|-enditem|p2a: Heatran|Air Balloon\n|\n|upkeep\n|turn|4\n|inactive|a long lost has 150 seconds left.\n|inactive|Kaboom has 30 seconds left.\n|inactive|Kaboom has 20 seconds left.\n|inactive|Kaboom has 15 seconds left.\n|inactive|Kaboom has 10 seconds left.\n|inactive|a long lost has 120 seconds left.\n|\n|t:|1790456916\n|move|p1a: Tornadus|Hurricane|p2a: Heatran\n|-resisted|p2a: Heatran\n|-damage|p2a: Heatran|68/100\n|move|p2a: Heatran|Stealth Rock|p1a: Tornadus\n|-sidestart|p1: Kaboom|move: Stealth Rock\n|\n|-end|p1a: Tornadus|move: Future Sight\n|-damage|p1a: Tornadus|2/100\n|upkeep\n|turn|5\n|inactive|Kaboom has 20 seconds left this turn.\n|inactive|Kaboom has 15 seconds left.\n|inactive|a long lost has 120 seconds left.\n|\n|t:|1790456933\n|move|p1a: Tornadus|U-turn|p2a: Heatran\n|-resisted|p2a: Heatran\n|-damage|p2a: Heatran|65/100\n|-status|p1a: Tornadus|brn|[from] ability: Flame Body|[of] p2a: Heatran\n|inactive|Kaboom has 20 seconds left this turn.\n|inactive|Kaboom has 15 seconds left.\n|inactive|Kaboom has 10 seconds left.\n|\n|t:|1790456944\n|switch|p1a: Gastrodon|Gastrodon-East, F|38/100|[from] U-turn\n|-damage|p1a: Gastrodon|31/100|[from] Stealth Rock\n|move|p2a: Heatran|Earth Power|p1a: Gastrodon\n|-damage|p1a: Gastrodon|15/100\n|\n|-heal|p1a: Gastrodon|21/100|[from] item: Leftovers\n|-fieldend|move: Psychic Terrain\n|upkeep\n|turn|6\n|inactive|Kaboom has 20 seconds left this turn.\n|inactive|Kaboom has 15 seconds left.\n|\n|t:|1790456953\n|switch|p2a: Urshifu|Urshifu-Rapid-Strike, M|100/100\n|move|p1a: Gastrodon|Recover|p1a: Gastrodon\n|-heal|p1a: Gastrodon|71/100\n|\n|-heal|p1a: Gastrodon|77/100|[from] item: Leftovers\n|upkeep\n|turn|7\n|inactive|Kaboom has 25 seconds left this turn.\n|inactive|Kaboom has 20 seconds left.\n|\n|t:|1790456962\n|switch|p1a: Clefable|Clefable, F|100/100\n|move|p2a: Urshifu|Close Combat|p1a: Clefable\n|-resisted|p1a: Clefable\n|-damage|p1a: Clefable|62/100\n|-unboost|p2a: Urshifu|def|1\n|-unboost|p2a: Urshifu|spd|1\n|-damage|p2a: Urshifu|84/100|[from] item: Rocky Helmet|[of] p1a: Clefable\n|\n|upkeep\n|turn|8\n|inactive|Kaboom has 30 seconds left this turn.\n|\n|t:|1790456972\n|switch|p2a: Heatran|Heatran, M|65/100\n|move|p1a: Clefable|Soft-Boiled|p1a: Clefable\n|-heal|p1a: Clefable|100/100\n|\n|upkeep\n|turn|9\n|inactive|Kaboom has 30 seconds left.\n|\n|t:|1790456986\n|switch|p2a: Landorus|Landorus-Therian, M|100/100\n|-ability|p2a: Landorus|Intimidate|boost\n|-unboost|p1a: Clefable|atk|1\n|switch|p1a: Gastrodon|Gastrodon-East, F|77/100\n|-damage|p1a: Gastrodon|71/100|[from] Stealth Rock\n|\n|-heal|p1a: Gastrodon|77/100|[from] item: Leftovers\n|upkeep\n|turn|10\n|inactive|Kaboom has 30 seconds left.\n|inactive|Kaboom has 20 seconds left.\n|inactive|Kaboom has 15 seconds left.\n|inactive|Kaboom has 10 seconds left.\n|\n|t:|1790457014\n|move|p2a: Landorus|Knock Off|p1a: Gastrodon\n|-damage|p1a: Gastrodon|43/100\n|-enditem|p1a: Gastrodon|Leftovers|[from] move: Knock Off|[of] p2a: Landorus\n|move|p1a: Gastrodon|Recover|p1a: Gastrodon\n|-heal|p1a: Gastrodon|93/100\n|\n|upkeep\n|turn|11\n|inactive|Kaboom has 20 seconds left this turn.\n|inactive|Kaboom has 15 seconds left.\n|inactive|Kaboom has 10 seconds left.\n|\n|t:|1790457028\n|move|p2a: Landorus|Earthquake|p1a: Gastrodon\n|-damage|p1a: Gastrodon|39/100\n|move|p1a: Gastrodon|Scald|p2a: Landorus\n|-supereffective|p2a: Landorus\n|-damage|p2a: Landorus|53/100\n|-status|p2a: Landorus|brn\n|\n|-heal|p2a: Landorus|59/100 brn|[from] item: Leftovers\n|-damage|p2a: Landorus|53/100 brn|[from] brn\n|upkeep\n|turn|12\n|inactive|Kaboom has 20 seconds left this turn.\n|inactive|Kaboom has 15 seconds left.\n|\n|t:|1790457034\n|move|p2a: Landorus|U-turn|p1a: Gastrodon\n|-damage|p1a: Gastrodon|28/100\n|\n|t:|1790457036\n|switch|p2a: Urshifu|Urshifu-Rapid-Strike, M|84/100|[from] U-turn\n|move|p1a: Gastrodon|Recover|p1a: Gastrodon\n|-heal|p1a: Gastrodon|78/100\n|\n|upkeep\n|turn|13\n|inactive|Kaboom has 30 seconds left this turn.\n|\n|t:|1790457050\n|switch|p1a: Clefable|Clefable, F|100/100\n|move|p2a: Urshifu|U-turn|p1a: Clefable\n|-resisted|p1a: Clefable\n|-damage|p1a: Clefable|87/100\n|-damage|p2a: Urshifu|68/100|[from] item: Rocky Helmet|[of] p1a: Clefable\n|\n|t:|1790457052\n|switch|p2a: Heatran|Heatran, M|65/100|[from] U-turn\n|\n|upkeep\n|turn|14\n|inactive|Kaboom has 30 seconds left.\n|\n|t:|1790457074\n|switch|p1a: Gastrodon|Gastrodon-East, F|78/100\n|-damage|p1a: Gastrodon|72/100|[from] Stealth Rock\n|move|p2a: Heatran|Magma Storm|p1a: Gastrodon|[miss]\n|-miss|p2a: Heatran|p1a: Gastrodon\n|\n|upkeep\n|turn|15\n|inactive|Kaboom has 30 seconds left.\n|inactive|Kaboom has 20 seconds left.\n|inactive|Kaboom has 15 seconds left.\n|\n|t:|1790457094\n|switch|p2a: Dragapult|Dragapult, F|100/100\n|move|p1a: Gastrodon|Recover|p1a: Gastrodon\n|-heal|p1a: Gastrodon|100/100\n|\n|upkeep\n|turn|16\n|inactive|Kaboom has 25 seconds left this turn.\n|c|\u2606a long lost|misclick uh\n|c|\u2606a long lost|ugh\n|\n|t:|1790457110\n|move|p2a: Dragapult|U-turn|p1a: Gastrodon\n|-damage|p1a: Gastrodon|81/100\n|\n|t:|1790457112\n|switch|p2a: Tapu Lele|Tapu Lele|83/100 tox|[from] U-turn\n|-fieldstart|move: Psychic Terrain|[from] ability: Psychic Surge|[of] p2a: Tapu Lele\n|move|p1a: Gastrodon|Toxic|p2a: Tapu Lele\n|-fail|p2a: Tapu Lele|tox\n|\n|-damage|p2a: Tapu Lele|77/100 tox|[from] psn\n|upkeep\n|turn|17\n|inactive|Kaboom has 30 seconds left.\n|\n|t:|1790457124\n|switch|p1a: Heatran|Heatran, M|100/100\n|-damage|p1a: Heatran|88/100|[from] Stealth Rock\n|move|p2a: Tapu Lele|Psyshock|p1a: Heatran\n|-resisted|p1a: Heatran\n|-damage|p1a: Heatran|64/100\n|\n|-heal|p1a: Heatran|70/100|[from] item: Leftovers\n|-damage|p2a: Tapu Lele|65/100 tox|[from] psn\n|upkeep\n|turn|18\n|inactive|a long lost has 180 seconds left.\n|inactive|Kaboom has 30 seconds left.\n|\n|t:|1790457136\n|switch|p2a: Landorus|Landorus-Therian, M|53/100 brn\n|-ability|p2a: Landorus|Intimidate|boost\n|-unboost|p1a: Heatran|atk|1\n|move|p1a: Heatran|Magma Storm|p2a: Landorus\n|-damage|p2a: Landorus|15/100 brn\n|-activate|p2a: Landorus|move: Magma Storm|[of] p1a: Heatran\n|\n|-heal|p2a: Landorus|21/100 brn|[from] item: Leftovers\n|-heal|p1a: Heatran|76/100|[from] item: Leftovers\n|-damage|p2a: Landorus|15/100 brn|[from] brn\n|-damage|p2a: Landorus|2/100 brn|[from] move: Magma Storm|[partiallytrapped]\n|upkeep\n|turn|19\n|inactive|a long lost has 180 seconds left.\n|inactive|Kaboom has 30 seconds left.\n|inactive|Kaboom has 20 seconds left.\n|inactive|Kaboom has 15 seconds left.\n|\n|t:|1790457161\n|switch|p1a: Rillaboom|Rillaboom, F|100/100\n|-damage|p1a: Rillaboom|88/100|[from] Stealth Rock\n|-fieldstart|move: Grassy Terrain|[from] ability: Grassy Surge|[of] p1a: Rillaboom\n|move|p2a: Landorus|Knock Off|p1a: Rillaboom\n|-damage|p1a: Rillaboom|74/100\n|-enditem|p1a: Rillaboom|Leftovers|[from] move: Knock Off|[of] p2a: Landorus\n|\n|-heal|p2a: Landorus|8/100 brn|[from] item: Leftovers\n|-heal|p1a: Rillaboom|80/100|[from] Grassy Terrain\n|-damage|p2a: Landorus|2/100 brn|[from] brn\n|-end|p2a: Landorus|Magma Storm|[partiallytrapped]|[silent]\n|upkeep\n|turn|20\n|inactive|Kaboom has 25 seconds left this turn.\n|inactive|Kaboom has 20 seconds left.\n|inactive|Kaboom has 15 seconds left.\n|inactive|a long lost has 180 seconds left.\n|inactive|Kaboom has 10 seconds left.\n|inactive|Kaboom has 5 seconds left.\n|\n|t:|1790457193\n|move|p2a: Landorus|U-turn|p1a: Rillaboom\n|-supereffective|p1a: Rillaboom\n|-damage|p1a: Rillaboom|61/100\n|inactive|a long lost has 150 seconds left.\n|\n|t:|1790457216\n|switch|p2a: Tapu Lele|Tapu Lele|65/100 tox|[from] U-turn\n|-fieldstart|move: Psychic Terrain|[from] ability: Psychic Surge|[of] p2a: Tapu Lele\n|move|p1a: Rillaboom|Drain Punch|p2a: Tapu Lele\n|-resisted|p2a: Tapu Lele\n|-damage|p2a: Tapu Lele|56/100 tox\n|-heal|p1a: Rillaboom|65/100|[from] drain|[of] p2a: Tapu Lele\n|\n|-damage|p2a: Tapu Lele|50/100 tox|[from] psn\n|upkeep\n|turn|21\n|inactive|Kaboom has 20 seconds left this turn.\n|inactive|a long lost has 150 seconds left.\n|\n|t:|1790457226\n|switch|p1a: Heatran|Heatran, M|76/100\n|-damage|p1a: Heatran|64/100|[from] Stealth Rock\n|move|p2a: Tapu Lele|Moonblast|p1a: Heatran\n|-resisted|p1a: Heatran\n|-damage|p1a: Heatran|56/100\n|-unboost|p1a: Heatran|spa|1\n|\n|-heal|p1a: Heatran|62/100|[from] item: Leftovers\n|-damage|p2a: Tapu Lele|38/100 tox|[from] psn\n|upkeep\n|turn|22\n|inactive|Kaboom has 30 seconds left this turn.\n|inactive|Kaboom has 20 seconds left.\n|inactive|Kaboom has 15 seconds left.\n|\n|t:|1790457243\n|switch|p2a: Landorus|Landorus-Therian, M|2/100 brn\n|-ability|p2a: Landorus|Intimidate|boost\n|-unboost|p1a: Heatran|atk|1\n|move|p1a: Heatran|Earth Power|p2a: Landorus\n|-immune|p2a: Landorus\n|\n|-heal|p2a: Landorus|8/100 brn|[from] item: Leftovers\n|-heal|p1a: Heatran|68/100|[from] item: Leftovers\n|-damage|p2a: Landorus|2/100 brn|[from] brn\n|upkeep\n|turn|23\n|inactive|Kaboom has 25 seconds left this turn.\n|inactive|Kaboom has 20 seconds left.\n|\n|t:|1790457256\n|switch|p1a: Clefable|Clefable, F|87/100\n|move|p2a: Landorus|Knock Off|p1a: Clefable\n|-resisted|p1a: Clefable\n|-damage|p1a: Clefable|81/100\n|-damage|p2a: Landorus|0 fnt|[from] item: Rocky Helmet|[of] p1a: Clefable\n|faint|p2a: Landorus\n|\n|upkeep\n|\n|t:|1790457262\n|switch|p2a: Heatran|Heatran, M|65/100\n|turn|24\n|\n|t:|1790457270\n|switch|p1a: Gastrodon|Gastrodon-East, F|81/100\n|-damage|p1a: Gastrodon|74/100|[from] Stealth Rock\n|move|p2a: Heatran|Magma Storm|p1a: Gastrodon|[miss]\n|-miss|p2a: Heatran|p1a: Gastrodon\n|\n|-fieldend|move: Psychic Terrain\n|upkeep\n|turn|25\n|\n|t:|1790457279\n|switch|p2a: Tapu Lele|Tapu Lele|38/100 tox\n|-fieldstart|move: Psychic Terrain|[from] ability: Psychic Surge|[of] p2a: Tapu Lele\n|move|p1a: Gastrodon|Scald|p2a: Tapu Lele\n|-damage|p2a: Tapu Lele|22/100 tox\n|\n|-damage|p2a: Tapu Lele|16/100 tox|[from] psn\n|upkeep\n|turn|26\n|\n|t:|1790457298\n|switch|p1a: Heatran|Heatran, M|68/100\n|-damage|p1a: Heatran|56/100|[from] Stealth Rock\n|move|p2a: Tapu Lele|Psyshock|p1a: Heatran\n|-resisted|p1a: Heatran\n|-damage|p1a: Heatran|30/100\n|\n|-heal|p1a: Heatran|36/100|[from] item: Leftovers\n|-damage|p2a: Tapu Lele|4/100 tox|[from] psn\n|upkeep\n|turn|27\n|inactive|Kaboom has 30 seconds left.\n|\n|t:|1790457319\n|move|p2a: Tapu Lele|Thunderbolt|p1a: Heatran\n|-damage|p1a: Heatran|16/100\n|move|p1a: Heatran|Earth Power|p2a: Tapu Lele\n|-damage|p2a: Tapu Lele|0 fnt\n|faint|p2a: Tapu Lele\n|\n|-heal|p1a: Heatran|22/100|[from] item: Leftovers\n|upkeep\n|\n|t:|1790457332\n|switch|p2a: Dragapult|Dragapult, F|100/100\n|turn|28\n|inactive|Kaboom has 30 seconds left.\n|inactive|Kaboom has 20 seconds left.\n|\n|t:|1790457356\n|move|p2a: Dragapult|Shadow Ball|p1a: Heatran\n|-damage|p1a: Heatran|0 fnt\n|faint|p1a: Heatran\n|\n|upkeep\n|inactive|Kaboom has 25 seconds left this turn.\n|inactive|Kaboom has 20 seconds left.\n|inactive|Kaboom has 15 seconds left.\n|inactive|Kaboom has 10 seconds left.\n|\n|t:|1790457376\n|switch|p1a: Gastrodon|Gastrodon-East, F|74/100\n|-damage|p1a: Gastrodon|68/100|[from] Stealth Rock\n|turn|29\n|inactive|Kaboom has 20 seconds left this turn.\n|inactive|Kaboom has 15 seconds left.\n|\n|t:|1790457383\n|move|p2a: Dragapult|Shadow Ball|p1a: Gastrodon\n|-damage|p1a: Gastrodon|34/100\n|move|p1a: Gastrodon|Recover|p1a: Gastrodon\n|-heal|p1a: Gastrodon|84/100\n|\n|-fieldend|move: Psychic Terrain\n|upkeep\n|turn|30\n|inactive|Kaboom has 25 seconds left this turn.\n|inactive|Kaboom has 20 seconds left.\n|\n|t:|1790457393\n|move|p2a: Dragapult|Shadow Ball|p1a: Gastrodon\n|-damage|p1a: Gastrodon|49/100\n|-unboost|p1a: Gastrodon|spd|1\n|move|p1a: Gastrodon|Toxic|p2a: Dragapult\n|-status|p2a: Dragapult|tox\n|\n|-damage|p2a: Dragapult|95/100 tox|[from] psn\n|upkeep\n|turn|31\n|inactive|Kaboom has 30 seconds left this turn.\n|inactive|Kaboom has 20 seconds left.\n|\n|t:|1790457405\n|switch|p1a: Tornadus|Tornadus-Therian, M|35/100 brn\n|move|p2a: Dragapult|Shadow Ball|p1a: Tornadus\n|-damage|p1a: Tornadus|0 fnt\n|faint|p1a: Tornadus\n|\n|-damage|p2a: Dragapult|83/100 tox|[from] psn\n|upkeep\n|inactive|Kaboom has 25 seconds left this turn.\n|inactive|Kaboom has 20 seconds left.\n|\n|t:|1790457414\n|switch|p1a: Gastrodon|Gastrodon-East, F|49/100\n|-damage|p1a: Gastrodon|43/100|[from] Stealth Rock\n|turn|32\n|inactive|Kaboom has 30 seconds left this turn.\n|\n|t:|1790457417\n|switch|p2a: Urshifu|Urshifu-Rapid-Strike, M|68/100\n|move|p1a: Gastrodon|Recover|p1a: Gastrodon\n|-heal|p1a: Gastrodon|93/100\n|\n|upkeep\n|turn|33\n|inactive|Kaboom has 30 seconds left.\n|inactive|Kaboom has 20 seconds left.\n|inactive|Kaboom has 15 seconds left.\n|\n|t:|1790457443\n|switch|p2a: Dragapult|Dragapult, F|83/100 tox\n|switch|p1a: Clefable|Clefable, F|81/100\n|\n|-damage|p2a: Dragapult|77/100 tox|[from] psn\n|upkeep\n|turn|34\n|inactive|Kaboom has 25 seconds left this turn.\n|inactive|Kaboom has 20 seconds left.\n|inactive|Kaboom has 15 seconds left.\n|\n|t:|1790457455\n|move|p2a: Dragapult|Shadow Ball|p1a: Clefable\n|-damage|p1a: Clefable|33/100\n|move|p1a: Clefable|Soft-Boiled|p1a: Clefable\n|-heal|p1a: Clefable|83/100\n|\n|-damage|p2a: Dragapult|65/100 tox|[from] psn\n|upkeep\n|turn|35\n|inactive|Kaboom has 25 seconds left this turn.\n|inactive|Kaboom has 20 seconds left.\n|inactive|Kaboom has 15 seconds left.\n|\n|t:|1790457469\n|switch|p2a: Heatran|Heatran, M|65/100\n|move|p1a: Clefable|Soft-Boiled|p1a: Clefable\n|-heal|p1a: Clefable|100/100\n|\n|upkeep\n|turn|36\n|inactive|Kaboom has 25 seconds left this turn.\n|inactive|Kaboom has 20 seconds left.\n|\n|t:|1790457478\n|switch|p1a: Gastrodon|Gastrodon-East, F|93/100\n|-damage|p1a: Gastrodon|87/100|[from] Stealth Rock\n|move|p2a: Heatran|Magma Storm|p1a: Gastrodon\n|-resisted|p1a: Gastrodon\n|-damage|p1a: Gastrodon|73/100\n|-activate|p1a: Gastrodon|move: Magma Storm|[of] p2a: Heatran\n|\n|-damage|p1a: Gastrodon|61/100|[from] move: Magma Storm|[partiallytrapped]\n|upkeep\n|turn|37\n|inactive|Kaboom has 30 seconds left this turn.\n|inactive|a long lost has 240 seconds left.\n|\n|t:|1790457505\n|move|p2a: Heatran|Earth Power|p1a: Gastrodon\n|-damage|p1a: Gastrodon|44/100\n|move|p1a: Gastrodon|Earth Power|p2a: Heatran\n|-supereffective|p2a: Heatran\n|-damage|p2a: Heatran|0 fnt\n|faint|p2a: Heatran\n|\n|-end|p1a: Gastrodon|Magma Storm|[partiallytrapped]|[silent]\n|upkeep\n|inactive|a long lost has 210 seconds left.\n|\n|t:|1790457528\n|switch|p2a: Urshifu|Urshifu-Rapid-Strike, M|68/100\n|turn|38\n|inactive|Kaboom has 30 seconds left.\n|inactive|a long lost has 210 seconds left.\n|inactive|Kaboom has 20 seconds left.\n|\n|t:|1790457554\n|move|p2a: Urshifu|Surging Strikes|p1a: Gastrodon\n|-ability|p1a: Gastrodon|Storm Drain|boost\n|-boost|p1a: Gastrodon|spa|1\n|move|p1a: Gastrodon|Recover|p1a: Gastrodon\n|-heal|p1a: Gastrodon|94/100\n|\n|upkeep\n|turn|39\n|inactive|Kaboom has 30 seconds left this turn.\n|inactive|Kaboom has 20 seconds left.\n|-message|a long lost forfeited.\n|\n|win|Kaboom\n|c|\u2606a long lost|gg \n|c|\u2606Kaboom|gg\n|c|\u2606a long lost|give me 3 minutes\n|c|\u2606a long lost|my cat is nagging me\n|c|\u2606Kaboom|yeah sure just ping me\n", "uploadtime": 1790457569, "views": "57", "formatid": "gen8ou", "rating": null, "private": 0, "password": null}