{"id": "smogtours-gen8ou-976481", "format": "[Gen 8] OU", "players": ["Aries Dragon", "leo568"], "log": "|inactive|Battle timer is ON: inactive players will automatically lose when time's up.\n|t:|1791076650\n|gametype|singles\n|player|p1|Aries Dragon|lady-gen4|\n|player|p2|leo568|swimmer-gen4dp|\n|gen|8\n|tier|[Gen 8] OU\n|rule|HP Percentage Mod: HP is shown in percentages\n|rule|Endless Battle Clause: Forcing endless battles is banned\n|rule|Sleep Clause Mod: Limit one foe put to sleep\n|rule|Species Clause: Limit one of each Pok\u00e9mon\n|rule|OHKO Clause: OHKO moves are banned\n|rule|Evasion Items Clause: Evasion items are banned\n|rule|Evasion Moves Clause: Evasion moves are banned\n|rule|Dynamax Clause: You cannot dynamax\n|clearpoke\n|poke|p1|Blissey, F|\n|poke|p1|Corviknight, M|\n|poke|p1|Garchomp, M|\n|poke|p1|Melmetal|\n|poke|p1|Tornadus-Therian, M|\n|poke|p1|Toxapex, F|\n|poke|p2|Melmetal|\n|poke|p2|Weavile, M|\n|poke|p2|Landorus-Therian, M|\n|poke|p2|Zapdos-Galar|\n|poke|p2|Toxapex, F|\n|poke|p2|Garchomp, F|\n|teampreview\n|c|\u2606leo568|hf\n|inactive|Aries Dragon has 270 seconds left.\n|c|\u2606Aries Dragon|U2\n|\n|t:|1791076707\n|teamsize|p1|6\n|teamsize|p2|6\n|start\n|switch|p1a: Garchomp|Garchomp, M, shiny|100/100\n|switch|p2a: Landorus|Landorus-Therian, M|100/100\n|-ability|p2a: Landorus|Intimidate|boost\n|-unboost|p1a: Garchomp|atk|1\n|turn|1\n|\n|t:|1791076728\n|move|p1a: Garchomp|Toxic|p2a: Landorus\n|-status|p2a: Landorus|tox\n|move|p2a: Landorus|Toxic|p1a: Garchomp\n|-status|p1a: Garchomp|tox\n|\n|-damage|p1a: Garchomp|94/100 tox|[from] psn\n|-damage|p2a: Landorus|94/100 tox|[from] psn\n|upkeep\n|turn|2\n|\n|t:|1791076737\n|move|p1a: Garchomp|Stealth Rock|p2a: Landorus\n|-sidestart|p2: leo568|move: Stealth Rock\n|move|p2a: Landorus|Stealth Rock|p1a: Garchomp\n|-sidestart|p1: Aries Dragon|move: Stealth Rock\n|\n|-heal|p1a: Garchomp|100/100 tox|[from] item: Leftovers\n|-heal|p2a: Landorus|100/100 tox|[from] item: Leftovers\n|-damage|p1a: Garchomp|88/100 tox|[from] psn\n|-damage|p2a: Landorus|88/100 tox|[from] psn\n|upkeep\n|turn|3\n|\n|t:|1791076745\n|switch|p1a: Corviknight|Corviknight, M, shiny|100/100\n|-damage|p1a: Corviknight|88/100|[from] Stealth Rock\n|-ability|p1a: Corviknight|Pressure\n|move|p2a: Landorus|U-turn|p1a: Corviknight\n|-resisted|p1a: Corviknight\n|-damage|p1a: Corviknight|85/100\n|-damage|p2a: Landorus|72/100 tox|[from] item: Rocky Helmet|[of] p1a: Corviknight\n|\n|t:|1791076771\n|switch|p2a: Garchomp|Garchomp, F|100/100|[from] U-turn\n|-damage|p2a: Garchomp|94/100|[from] Stealth Rock\n|\n|-heal|p2a: Garchomp|100/100|[from] item: Leftovers\n|upkeep\n|turn|4\n|\n|t:|1791076775\n|move|p2a: Garchomp|Swords Dance|p2a: Garchomp\n|-boost|p2a: Garchomp|atk|2\n|move|p1a: Corviknight|U-turn|p2a: Garchomp\n|-damage|p2a: Garchomp|85/100\n|-damage|p1a: Corviknight|72/100|[from] ability: Rough Skin|[of] p2a: Garchomp\n|inactive|Aries Dragon has 270 seconds left.\n|\n|t:|1791076819\n|switch|p1a: Tornadus|Tornadus-Therian, M, shiny|100/100|[from] U-turn\n|\n|-heal|p2a: Garchomp|92/100|[from] item: Leftovers\n|upkeep\n|turn|5\n|inactive|Aries Dragon has 270 seconds left.\n|\n|t:|1791076830\n|move|p1a: Tornadus|Hurricane|p2a: Garchomp\n|-damage|p2a: Garchomp|38/100\n|move|p2a: Garchomp|Stone Edge|p1a: Tornadus\n|-supereffective|p1a: Tornadus\n|-damage|p1a: Tornadus|0 fnt\n|faint|p1a: Tornadus\n|\n|-heal|p2a: Garchomp|44/100|[from] item: Leftovers\n|upkeep\n|inactive|Aries Dragon has 270 seconds left.\n|\n|t:|1791076856\n|switch|p1a: Blissey|Blissey, F, shiny|100/100\n|turn|6\n|\n|t:|1791076866\n|move|p2a: Garchomp|Earthquake|p1a: Blissey\n|-damage|p1a: Blissey|5/100\n|move|p1a: Blissey|Seismic Toss|p2a: Garchomp\n|-damage|p2a: Garchomp|16/100\n|-damage|p1a: Blissey|0 fnt|[from] ability: Rough Skin|[of] p2a: Garchomp\n|faint|p1a: Blissey\n|\n|-heal|p2a: Garchomp|22/100|[from] item: Leftovers\n|upkeep\n|\n|t:|1791076874\n|switch|p1a: Corviknight|Corviknight, M, shiny|72/100\n|-damage|p1a: Corviknight|60/100|[from] Stealth Rock\n|-ability|p1a: Corviknight|Pressure\n|turn|7\n|\n|t:|1791076882\n|move|p2a: Garchomp|Fire Fang|p1a: Corviknight\n|-supereffective|p1a: Corviknight\n|-damage|p1a: Corviknight|0 fnt\n|-damage|p2a: Garchomp|6/100|[from] item: Rocky Helmet|[of] p1a: Corviknight\n|faint|p1a: Corviknight\n|\n|-heal|p2a: Garchomp|12/100|[from] item: Leftovers\n|upkeep\n|inactive|Aries Dragon has 270 seconds left.\n|\n|t:|1791076917\n|switch|p1a: Melmetal|Melmetal, shiny|100/100\n|-damage|p1a: Melmetal|94/100|[from] Stealth Rock\n|turn|8\n|\n|t:|1791076922\n|move|p2a: Garchomp|Earthquake|p1a: Melmetal\n|-supereffective|p1a: Melmetal\n|-damage|p1a: Melmetal|0 fnt\n|faint|p1a: Melmetal\n|\n|-heal|p2a: Garchomp|18/100|[from] item: Leftovers\n|upkeep\n|c|\u2606Aries Dragon|Gg\n|c|\u2606leo568|gg\n|-message|Aries Dragon forfeited.\n|\n|win|leo568\n|player|p1|\n", "uploadtime": 1791076940, "views": "3", "formatid": "gen8ou", "rating": null, "private": 0, "password": null}