{"id": "smogtours-gen8ou-975215", "format": "[Gen 8] OU", "players": ["VascoAbsolute", "suhayb1910"], "log": "|inactive|Battle timer is ON: inactive players will automatically lose when time's up.\n|badge|p2|silver|gen9ou|30-10\n|uhtml|medal-msg|<div class=\"broadcast-blue\">Curious what those medals under the avatar are? PS now has Ladder Seasons! For more information, check out the <a href=\"https://www.smogon.com/forums/threads/3740067/\">thread on Smogon.</a></div>\n|t:|1790542029\n|gametype|singles\n|player|p1|VascoAbsolute|265|\n|player|p2|suhayb1910|volo|\n|gen|8\n|tier|[Gen 8] OU\n|rule|HP Percentage Mod: HP is shown in percentages\n|rule|Endless Battle Clause: Forcing endless battles is banned\n|rule|Sleep Clause Mod: Limit one foe put to sleep\n|rule|Species Clause: Limit one of each Pok\u00e9mon\n|rule|OHKO Clause: OHKO moves are banned\n|rule|Evasion Items Clause: Evasion items are banned\n|rule|Evasion Moves Clause: Evasion moves are banned\n|rule|Dynamax Clause: You cannot dynamax\n|clearpoke\n|poke|p1|Tapu Lele|\n|poke|p1|Heatran, F|\n|poke|p1|Dragonite, F|\n|poke|p1|Landorus-Therian, M|\n|poke|p1|Kartana|\n|poke|p1|Rotom-Wash|\n|poke|p2|Slowking-Galar, M|\n|poke|p2|Weavile, F|\n|poke|p2|Garchomp, F|\n|poke|p2|Corviknight, M|\n|poke|p2|Urshifu-*, F|\n|poke|p2|Melmetal|\n|teampreview\n|c|\u2606VascoAbsolute|hf\n|c|\u2606suhayb1910|hf#\n|\n|t:|1790542053\n|teamsize|p1|6\n|teamsize|p2|6\n|start\n|switch|p1a: Rotom|Rotom-Wash|100/100\n|switch|p2a: Garchomp|Garchomp, F, shiny|100/100\n|turn|1\n|\n|t:|1790542063\n|move|p2a: Garchomp|Toxic|p1a: Rotom\n|-status|p1a: Rotom|tox\n|move|p1a: Rotom|Hydro Pump|p2a: Garchomp\n|-damage|p2a: Garchomp|63/100\n|\n|-heal|p2a: Garchomp|69/100|[from] item: Leftovers\n|-damage|p1a: Rotom|94/100 tox|[from] psn\n|upkeep\n|turn|2\n|\n|t:|1790542073\n|move|p2a: Garchomp|Protect|p2a: Garchomp\n|-singleturn|p2a: Garchomp|Protect\n|move|p1a: Rotom|Hydro Pump|p2a: Garchomp\n|-activate|p2a: Garchomp|move: Protect\n|\n|-heal|p2a: Garchomp|75/100|[from] item: Leftovers\n|-heal|p1a: Rotom|100/100 tox|[from] item: Leftovers\n|-damage|p1a: Rotom|88/100 tox|[from] psn\n|upkeep\n|turn|3\n|\n|t:|1790542078\n|move|p2a: Garchomp|Stealth Rock|p1a: Rotom\n|-sidestart|p1: VascoAbsolute|move: Stealth Rock\n|move|p1a: Rotom|Hydro Pump|p2a: Garchomp\n|-damage|p2a: Garchomp|40/100\n|\n|-heal|p2a: Garchomp|47/100|[from] item: Leftovers\n|-heal|p1a: Rotom|94/100 tox|[from] item: Leftovers\n|-damage|p1a: Rotom|75/100 tox|[from] psn\n|upkeep\n|turn|4\n|\n|t:|1790542088\n|switch|p1a: Kartana|Kartana|100/100\n|-damage|p1a: Kartana|94/100|[from] Stealth Rock\n|move|p2a: Garchomp|Toxic|p1a: Kartana\n|-immune|p1a: Kartana\n|\n|-heal|p2a: Garchomp|53/100|[from] item: Leftovers\n|upkeep\n|turn|5\n|\n|t:|1790542093\n|switch|p2a: Corviknight|Corviknight, M, shiny|100/100\n|-ability|p2a: Corviknight|Pressure\n|move|p1a: Kartana|Swords Dance|p1a: Kartana\n|-boost|p1a: Kartana|atk|2\n|\n|upkeep\n|turn|6\n|\n|t:|1790542100\n|move|p1a: Kartana|Knock Off|p2a: Corviknight\n|-damage|p2a: Corviknight|47/100\n|-enditem|p2a: Corviknight|Rocky Helmet|[from] move: Knock Off|[of] p1a: Kartana\n|move|p2a: Corviknight|Brave Bird|p1a: Kartana\n|-damage|p1a: Kartana|54/100\n|-damage|p2a: Corviknight|38/100|[from] Recoil\n|\n|upkeep\n|turn|7\n|\n|t:|1790542105\n|move|p1a: Kartana|Sacred Sword|p2a: Corviknight\n|-crit|p2a: Corviknight\n|-damage|p2a: Corviknight|0 fnt\n|faint|p2a: Corviknight\n|-ability|p1a: Kartana|Beast Boost|boost\n|-boost|p1a: Kartana|atk|1\n|\n|upkeep\n|inactive|suhayb1910 has 270 seconds left.\n|\n|t:|1790542152\n|switch|p2a: Weavile|Weavile, F|100/100\n|-ability|p2a: Weavile|Pressure\n|turn|8\n|\n|t:|1790542157\n|move|p2a: Weavile|Triple Axel|p1a: Kartana\n|-damage|p1a: Kartana|43/100\n|-damage|p1a: Kartana|21/100\n|-damage|p1a: Kartana|0 fnt\n|faint|p1a: Kartana\n|-hitcount|p1: Kartana|3\n|\n|upkeep\n|\n|t:|1790542162\n|switch|p1a: Tapu Lele|Tapu Lele|100/100\n|-damage|p1a: Tapu Lele|88/100|[from] Stealth Rock\n|-fieldstart|move: Psychic Terrain|[from] ability: Psychic Surge|[of] p1a: Tapu Lele\n|turn|9\n|\n|t:|1790542169\n|switch|p1a: Landorus|Landorus-Therian, M|100/100\n|-damage|p1a: Landorus|88/100|[from] Stealth Rock\n|-ability|p1a: Landorus|Intimidate|boost\n|-unboost|p2a: Weavile|atk|1\n|switch|p2a: Slowking|Slowking-Galar, M, shiny|100/100\n|\n|-heal|p1a: Landorus|94/100|[from] item: Leftovers\n|upkeep\n|turn|10\n|\n|t:|1790542173\n|move|p1a: Landorus|U-turn|p2a: Slowking\n|-damage|p2a: Slowking|78/100\n|\n|t:|1790542175\n|switch|p1a: Heatran|Heatran, F|100/100|[from] U-turn\n|-damage|p1a: Heatran|88/100|[from] Stealth Rock\n|-item|p1a: Heatran|Air Balloon\n|move|p2a: Slowking|Scald|p1a: Heatran\n|-supereffective|p1a: Heatran\n|-damage|p1a: Heatran|34/100\n|-enditem|p1a: Heatran|Air Balloon\n|\n|upkeep\n|turn|11\n|\n|t:|1790542179\n|move|p1a: Heatran|Magma Storm|p2a: Slowking\n|-damage|p2a: Slowking|51/100\n|-activate|p2a: Slowking|move: Magma Storm|[of] p1a: Heatran\n|move|p2a: Slowking|Scald|p1a: Heatran\n|-supereffective|p1a: Heatran\n|-damage|p1a: Heatran|0 fnt\n|faint|p1a: Heatran\n|\n|-end|p2a: Slowking|Magma Storm|[partiallytrapped]|[silent]\n|upkeep\n|\n|t:|1790542189\n|switch|p1a: Landorus|Landorus-Therian, M|94/100\n|-damage|p1a: Landorus|82/100|[from] Stealth Rock\n|-ability|p1a: Landorus|Intimidate|boost\n|-unboost|p2a: Slowking|atk|1\n|turn|12\n|\n|t:|1790542205\n|switch|p2a: Garchomp|Garchomp, F, shiny|53/100\n|move|p1a: Landorus|Earthquake|p2a: Garchomp\n|-damage|p2a: Garchomp|13/100\n|\n|-heal|p2a: Garchomp|20/100|[from] item: Leftovers\n|-heal|p1a: Landorus|88/100|[from] item: Leftovers\n|upkeep\n|turn|13\n|\n|t:|1790542210\n|move|p2a: Garchomp|Toxic|p1a: Landorus|[miss]\n|-miss|p2a: Garchomp|p1a: Landorus\n|move|p1a: Landorus|Earthquake|p2a: Garchomp\n|-damage|p2a: Garchomp|0 fnt\n|faint|p2a: Garchomp\n|\n|-heal|p1a: Landorus|94/100|[from] item: Leftovers\n|-fieldend|move: Psychic Terrain\n|upkeep\n|\n|t:|1790542213\n|switch|p2a: Weavile|Weavile, F|100/100\n|-ability|p2a: Weavile|Pressure\n|turn|14\n|\n|t:|1790542218\n|move|p2a: Weavile|Triple Axel|p1a: Landorus\n|-supereffective|p1a: Landorus\n|-damage|p1a: Landorus|56/100\n|-supereffective|p1a: Landorus\n|-damage|p1a: Landorus|0 fnt\n|faint|p1a: Landorus\n|-hitcount|p1: Landorus|2\n|\n|upkeep\n|\n|t:|1790542223\n|switch|p1a: Tapu Lele|Tapu Lele|88/100\n|-damage|p1a: Tapu Lele|76/100|[from] Stealth Rock\n|-fieldstart|move: Psychic Terrain|[from] ability: Psychic Surge|[of] p1a: Tapu Lele\n|turn|15\n|\n|t:|1790542229\n|switch|p1a: Dragonite|Dragonite, F|100/100\n|switch|p2a: Melmetal|Melmetal|100/100\n|\n|upkeep\n|turn|16\n|\n|t:|1790542232\n|move|p1a: Dragonite|Dragon Dance|p1a: Dragonite\n|-boost|p1a: Dragonite|atk|1\n|-boost|p1a: Dragonite|spe|1\n|move|p2a: Melmetal|Toxic|p1a: Dragonite|[miss]\n|-miss|p2a: Melmetal|p1a: Dragonite\n|\n|upkeep\n|turn|17\n|\n|t:|1790542235\n|move|p1a: Dragonite|Dragon Dance|p1a: Dragonite\n|-boost|p1a: Dragonite|atk|1\n|-boost|p1a: Dragonite|spe|1\n|move|p2a: Melmetal|Toxic|p1a: Dragonite|[miss]\n|-miss|p2a: Melmetal|p1a: Dragonite\n|\n|upkeep\n|turn|18\n|\n|t:|1790542243\n|move|p1a: Dragonite|Earthquake|p2a: Melmetal\n|-supereffective|p2a: Melmetal\n|-damage|p2a: Melmetal|22/100\n|move|p2a: Melmetal|Double Iron Bash|p1a: Dragonite\n|-damage|p1a: Dragonite|79/100\n|-damage|p1a: Dragonite|40/100\n|-hitcount|p1a: Dragonite|2\n|\n|-heal|p2a: Melmetal|28/100|[from] item: Leftovers\n|upkeep\n|turn|19\n|\n|t:|1790542248\n|move|p1a: Dragonite|Earthquake|p2a: Melmetal\n|-supereffective|p2a: Melmetal\n|-damage|p2a: Melmetal|0 fnt\n|faint|p2a: Melmetal\n|\n|-fieldend|move: Psychic Terrain\n|upkeep\n|\n|t:|1790542251\n|switch|p2a: Urshifu|Urshifu-Rapid-Strike, F|100/100\n|turn|20\n|\n|t:|1790542259\n|move|p1a: Dragonite|Dual Wingbeat|p2a: Urshifu\n|-supereffective|p2a: Urshifu\n|-damage|p2a: Urshifu|28/100\n|-supereffective|p2a: Urshifu\n|-damage|p2a: Urshifu|0 fnt\n|faint|p2a: Urshifu\n|-hitcount|p2: Urshifu|2\n|\n|upkeep\n|\n|t:|1790542262\n|switch|p2a: Weavile|Weavile, F|100/100\n|-ability|p2a: Weavile|Pressure\n|turn|21\n|\n|t:|1790542264\n|switch|p1a: Tapu Lele|Tapu Lele|76/100\n|-damage|p1a: Tapu Lele|63/100|[from] Stealth Rock\n|-fieldstart|move: Psychic Terrain|[from] ability: Psychic Surge|[of] p1a: Tapu Lele\n|move|p2a: Weavile|Ice Shard|p1a: Tapu Lele\n|-activate|p1a: Tapu Lele|move: Psychic Terrain\n|\n|upkeep\n|turn|22\n|\n|t:|1790542270\n|switch|p2a: Slowking|Slowking-Galar, M, shiny|84/100\n|move|p1a: Tapu Lele|Psyshock|p2a: Slowking\n|-damage|p2a: Slowking|20/100\n|\n|upkeep\n|turn|23\n|\n|t:|1790542274\n|switch|p2a: Weavile|Weavile, F|100/100\n|-ability|p2a: Weavile|Pressure\n|move|p1a: Tapu Lele|Psyshock|p2a: Weavile\n|-immune|p2a: Weavile\n|\n|upkeep\n|turn|24\n|\n|t:|1790542277\n|switch|p1a: Rotom|Rotom-Wash|75/100 tox\n|-damage|p1a: Rotom|63/100 tox|[from] Stealth Rock\n|move|p2a: Weavile|Swords Dance|p2a: Weavile\n|-boost|p2a: Weavile|atk|2\n|\n|-heal|p1a: Rotom|69/100 tox|[from] item: Leftovers\n|-damage|p1a: Rotom|63/100 tox|[from] psn\n|upkeep\n|turn|25\n|\n|t:|1790542280\n|move|p2a: Weavile|Knock Off|p1a: Rotom\n|-damage|p1a: Rotom|0 fnt\n|-enditem|p1a: Rotom|Leftovers|[from] move: Knock Off|[of] p2a: Weavile\n|faint|p1a: Rotom\n|\n|-fieldend|move: Psychic Terrain\n|upkeep\n|\n|t:|1790542282\n|switch|p1a: Tapu Lele|Tapu Lele|63/100\n|-damage|p1a: Tapu Lele|51/100|[from] Stealth Rock\n|-fieldstart|move: Psychic Terrain|[from] ability: Psychic Surge|[of] p1a: Tapu Lele\n|turn|26\n|\n|t:|1790542286\n|switch|p2a: Slowking|Slowking-Galar, M, shiny|54/100\n|move|p1a: Tapu Lele|Moonblast|p2a: Slowking\n|-resisted|p2a: Slowking\n|-damage|p2a: Slowking|40/100\n|\n|upkeep\n|turn|27\n|\n|t:|1790542290\n|switch|p1a: Dragonite|Dragonite, F|40/100\n|move|p2a: Slowking|Sludge Bomb|p1a: Dragonite\n|-damage|p1a: Dragonite|0 fnt\n|faint|p1a: Dragonite\n|\n|upkeep\n|\n|t:|1790542292\n|switch|p1a: Tapu Lele|Tapu Lele|51/100\n|-damage|p1a: Tapu Lele|38/100|[from] Stealth Rock\n|turn|28\n|\n|t:|1790542295\n|move|p1a: Tapu Lele|Moonblast|p2a: Slowking\n|-resisted|p2a: Slowking\n|-damage|p2a: Slowking|25/100\n|move|p2a: Slowking|Sludge Bomb|p1a: Tapu Lele\n|-supereffective|p1a: Tapu Lele\n|-damage|p1a: Tapu Lele|0 fnt\n|faint|p1a: Tapu Lele\n|\n|win|suhayb1910\n|c|\u2606VascoAbsolute|gg\n|c|\u2606suhayb1910|gg\n|player|p1|\n", "uploadtime": 1790542295, "views": "41", "formatid": "gen8ou", "rating": null, "private": 0, "password": null}