{"id": "smogtours-gen8ou-975580", "format": "[Gen 8] OU", "players": ["Squirtle nornor", "n0rnorn0r"], "log": "|inactive|Battle timer is ON: inactive players will automatically lose when time's up.\n|t:|1790782709\n|gametype|singles\n|player|p1|Squirtle nornor|#wcop2023bangladesh2|\n|player|p2|n0rnorn0r|gambler|\n|gen|8\n|tier|[Gen 8] OU\n|rule|HP Percentage Mod: HP is shown in percentages\n|rule|Endless Battle Clause: Forcing endless battles is banned\n|rule|Sleep Clause Mod: Limit one foe put to sleep\n|rule|Species Clause: Limit one of each Pok\u00e9mon\n|rule|OHKO Clause: OHKO moves are banned\n|rule|Evasion Items Clause: Evasion items are banned\n|rule|Evasion Moves Clause: Evasion moves are banned\n|rule|Dynamax Clause: You cannot dynamax\n|clearpoke\n|poke|p1|Slowking-Galar, F|\n|poke|p1|Skarmory, M|\n|poke|p1|Clefable, M|\n|poke|p1|Gastrodon-East, F|\n|poke|p1|Heatran, F|\n|poke|p1|Zapdos|\n|poke|p2|Melmetal|\n|poke|p2|Garchomp, M|\n|poke|p2|Weavile, M|\n|poke|p2|Urshifu-*, F|\n|poke|p2|Slowking-Galar, M|\n|poke|p2|Corviknight, F|\n|teampreview\n|c|\u2606n0rnorn0r|hf\n|c|\u2606Squirtle nornor|hf\n|inactive|Squirtle nornor has 270 seconds left.\n|inactive|n0rnorn0r has 270 seconds left.\n|\n|t:|1790782751\n|teamsize|p1|6\n|teamsize|p2|6\n|start\n|switch|p1a: Skarmory|Skarmory, M|100/100\n|switch|p2a: Melmetal|Melmetal|100/100\n|turn|1\n|\n|t:|1790782761\n|switch|p2a: Corviknight|Corviknight, F|100/100\n|-ability|p2a: Corviknight|Pressure\n|move|p1a: Skarmory|Spikes|p2a: Corviknight\n|-sidestart|p2: n0rnorn0r|Spikes\n|\n|upkeep\n|turn|2\n|\n|t:|1790782769\n|switch|p1a: Heatran|Heatran, F|100/100\n|move|p2a: Corviknight|Defog|p1a: Heatran\n|-unboost|p1a: Heatran|evasion|1\n|-sideend|p2: n0rnorn0r|Spikes|[from] move: Defog|[of] p2a: Corviknight\n|\n|upkeep\n|turn|3\n|\n|t:|1790782775\n|switch|p2a: Garchomp|Garchomp, M, shiny|100/100\n|move|p1a: Heatran|Stealth Rock|p2a: Garchomp\n|-sidestart|p2: n0rnorn0r|move: Stealth Rock\n|\n|upkeep\n|turn|4\n|\n|t:|1790782790\n|switch|p1a: Clefable|Clefable, M|100/100\n|move|p2a: Garchomp|Stealth Rock|p1a: Clefable\n|-sidestart|p1: Squirtle nornor|move: Stealth Rock\n|\n|upkeep\n|turn|5\n|inactive|n0rnorn0r has 270 seconds left.\n|\n|t:|1790782824\n|move|p2a: Garchomp|Earthquake|p1a: Clefable\n|-damage|p1a: Clefable|65/100\n|move|p1a: Clefable|Trick|p2a: Garchomp\n|-activate|p1a: Clefable|move: Trick|[of] p2a: Garchomp\n|-item|p2a: Garchomp|Sticky Barb|[from] move: Trick\n|-item|p1a: Clefable|Leftovers|[from] move: Trick\n|\n|-heal|p1a: Clefable|71/100|[from] item: Leftovers\n|-damage|p2a: Garchomp|88/100|[from] item: Sticky Barb\n|upkeep\n|turn|6\n|\n|t:|1790782829\n|switch|p2a: Slowking|Slowking-Galar, M|100/100\n|-damage|p2a: Slowking|88/100|[from] Stealth Rock\n|move|p1a: Clefable|Soft-Boiled|p1a: Clefable\n|-heal|p1a: Clefable|100/100\n|\n|upkeep\n|turn|7\n|\n|t:|1790782838\n|switch|p1a: Gastrodon|Gastrodon-East, F|100/100\n|move|p2a: Slowking|Future Sight|p1a: Gastrodon\n|-start|p2a: Slowking|move: Future Sight\n|\n|upkeep\n|turn|8\n|\n|t:|1790782846\n|move|p1a: Gastrodon|Yawn|p2a: Slowking\n|-start|p2a: Slowking|move: Yawn|[of] p1a: Gastrodon\n|move|p2a: Slowking|Sludge Bomb|p1a: Gastrodon\n|-resisted|p1a: Gastrodon\n|-crit|p1a: Gastrodon\n|-damage|p1a: Gastrodon|77/100\n|\n|upkeep\n|turn|9\n|inactive|n0rnorn0r has 270 seconds left.\n|\n|t:|1790782890\n|switch|p2a: Melmetal|Melmetal|100/100\n|-damage|p2a: Melmetal|94/100|[from] Stealth Rock\n|move|p1a: Gastrodon|Recover|p1a: Gastrodon\n|-heal|p1a: Gastrodon|100/100\n|\n|-end|p1a: Gastrodon|move: Future Sight\n|-damage|p1a: Gastrodon|62/100\n|-heal|p2a: Melmetal|100/100|[from] item: Leftovers\n|upkeep\n|turn|10\n|\n|t:|1790782898\n|move|p1a: Gastrodon|Recover|p1a: Gastrodon\n|-heal|p1a: Gastrodon|100/100\n|move|p2a: Melmetal|Toxic|p1a: Gastrodon\n|-status|p1a: Gastrodon|tox\n|\n|-damage|p1a: Gastrodon|94/100 tox|[from] psn\n|upkeep\n|turn|11\n|\n|t:|1790782918\n|switch|p2a: Slowking|Slowking-Galar, M|100/100\n|-damage|p2a: Slowking|88/100|[from] Stealth Rock\n|move|p1a: Gastrodon|Scald|p2a: Slowking\n|-damage|p2a: Slowking|74/100\n|\n|-damage|p1a: Gastrodon|82/100 tox|[from] psn\n|upkeep\n|turn|12\n|\n|t:|1790782932\n|switch|p1a: Heatran|Heatran, F|100/100\n|-damage|p1a: Heatran|88/100|[from] Stealth Rock\n|switch|p2a: Corviknight|Corviknight, F|100/100\n|-damage|p2a: Corviknight|88/100|[from] Stealth Rock\n|-ability|p2a: Corviknight|Pressure\n|\n|-heal|p1a: Heatran|94/100|[from] item: Leftovers\n|-heal|p2a: Corviknight|94/100|[from] item: Leftovers\n|upkeep\n|turn|13\n|\n|t:|1790782939\n|switch|p2a: Garchomp|Garchomp, M, shiny|88/100\n|-damage|p2a: Garchomp|82/100|[from] Stealth Rock\n|move|p1a: Heatran|Lava Plume|p2a: Garchomp\n|-resisted|p2a: Garchomp\n|-damage|p2a: Garchomp|71/100\n|-status|p2a: Garchomp|brn\n|\n|-heal|p1a: Heatran|100/100|[from] item: Leftovers\n|-damage|p2a: Garchomp|65/100 brn|[from] brn\n|-damage|p2a: Garchomp|52/100 brn|[from] item: Sticky Barb\n|upkeep\n|turn|14\n|\n|t:|1790782948\n|switch|p2a: Urshifu|Urshifu-Rapid-Strike, F|100/100\n|-damage|p2a: Urshifu|94/100|[from] Stealth Rock\n|switch|p1a: Clefable|Clefable, M|100/100\n|\n|upkeep\n|turn|15\n|inactive|n0rnorn0r has 270 seconds left.\n|\n|t:|1790782977\n|switch|p1a: Gastrodon|Gastrodon-East, F|82/100 tox\n|move|p2a: Urshifu|U-turn|p1a: Gastrodon\n|-damage|p1a: Gastrodon|54/100 tox\n|inactive|n0rnorn0r has 240 seconds left.\n|\n|t:|1790783020\n|switch|p2a: Weavile|Weavile, M|100/100|[from] U-turn\n|-ability|p2a: Weavile|Pressure\n|\n|-damage|p1a: Gastrodon|47/100 tox|[from] psn\n|upkeep\n|turn|16\n|\n|t:|1790783024\n|switch|p1a: Skarmory|Skarmory, M|100/100\n|move|p2a: Weavile|Knock Off|p1a: Skarmory\n|-damage|p1a: Skarmory|70/100\n|-enditem|p1a: Skarmory|Heavy-Duty Boots|[from] move: Knock Off|[of] p2a: Weavile\n|\n|upkeep\n|turn|17\n|inactive|n0rnorn0r has 240 seconds left.\n|\n|t:|1790783038\n|switch|p2a: Corviknight|Corviknight, F|94/100\n|-damage|p2a: Corviknight|82/100|[from] Stealth Rock\n|-ability|p2a: Corviknight|Pressure\n|move|p1a: Skarmory|Roost|p1a: Skarmory\n|-heal|p1a: Skarmory|100/100\n|-singleturn|p1a: Skarmory|move: Roost\n|\n|-heal|p2a: Corviknight|88/100|[from] item: Leftovers\n|upkeep\n|turn|18\n|\n|t:|1790783045\n|switch|p1a: Heatran|Heatran, F|100/100\n|-damage|p1a: Heatran|88/100|[from] Stealth Rock\n|move|p2a: Corviknight|Brave Bird|p1a: Heatran\n|-resisted|p1a: Heatran\n|-damage|p1a: Heatran|73/100\n|-status|p2a: Corviknight|brn|[from] ability: Flame Body|[of] p1a: Heatran\n|-damage|p2a: Corviknight|83/100 brn|[from] Recoil\n|\n|-heal|p1a: Heatran|80/100|[from] item: Leftovers\n|-heal|p2a: Corviknight|89/100 brn|[from] item: Leftovers\n|-damage|p2a: Corviknight|83/100 brn|[from] brn\n|upkeep\n|turn|19\n|\n|t:|1790783057\n|switch|p2a: Slowking|Slowking-Galar, M|100/100\n|-damage|p2a: Slowking|88/100|[from] Stealth Rock\n|move|p1a: Heatran|Lava Plume|p2a: Slowking\n|-damage|p2a: Slowking|69/100\n|-status|p2a: Slowking|brn\n|\n|-heal|p1a: Heatran|86/100|[from] item: Leftovers\n|-damage|p2a: Slowking|63/100 brn|[from] brn\n|upkeep\n|turn|20\n|\n|t:|1790783063\n|move|p1a: Heatran|Lava Plume|p2a: Slowking\n|-damage|p2a: Slowking|43/100 brn\n|move|p2a: Slowking|Future Sight|p1a: Heatran\n|-start|p2a: Slowking|move: Future Sight\n|\n|-heal|p1a: Heatran|92/100|[from] item: Leftovers\n|-damage|p2a: Slowking|37/100 brn|[from] brn\n|upkeep\n|turn|21\n|inactive|n0rnorn0r has 270 seconds left.\n|\n|t:|1790783070\n|move|p1a: Heatran|Lava Plume|p2a: Slowking\n|-damage|p2a: Slowking|18/100 brn\n|move|p2a: Slowking|Scald|p1a: Heatran\n|-supereffective|p1a: Heatran\n|-damage|p1a: Heatran|61/100\n|\n|-heal|p1a: Heatran|68/100|[from] item: Leftovers\n|-damage|p2a: Slowking|11/100 brn|[from] brn\n|upkeep\n|turn|22\n|inactive|n0rnorn0r has 270 seconds left.\n|\n|t:|1790783081\n|switch|p2a: Garchomp|Garchomp, M, shiny|52/100 brn\n|-damage|p2a: Garchomp|46/100 brn|[from] Stealth Rock\n|move|p1a: Heatran|Lava Plume|p2a: Garchomp\n|-resisted|p2a: Garchomp\n|-damage|p2a: Garchomp|35/100 brn\n|\n|-end|p1a: Heatran|move: Future Sight\n|-resisted|p1a: Heatran\n|-damage|p1a: Heatran|49/100\n|-heal|p1a: Heatran|55/100|[from] item: Leftovers\n|-damage|p2a: Garchomp|29/100 brn|[from] brn\n|-damage|p2a: Garchomp|17/100 brn|[from] item: Sticky Barb\n|upkeep\n|turn|23\n|\n|t:|1790783091\n|switch|p2a: Slowking|Slowking-Galar, M|45/100 brn\n|-damage|p2a: Slowking|32/100 brn|[from] Stealth Rock\n|switch|p1a: Clefable|Clefable, M|100/100\n|\n|-damage|p2a: Slowking|26/100 brn|[from] brn\n|upkeep\n|turn|24\n|\n|t:|1790783111\n|switch|p1a: Slowking|Slowking-Galar, F|100/100\n|-damage|p1a: Slowking|88/100|[from] Stealth Rock\n|switch|p2a: Melmetal|Melmetal|100/100\n|-damage|p2a: Melmetal|94/100|[from] Stealth Rock\n|\n|-heal|p2a: Melmetal|100/100|[from] item: Leftovers\n|upkeep\n|turn|25\n|\n|t:|1790783118\n|switch|p1a: Skarmory|Skarmory, M|100/100\n|-damage|p1a: Skarmory|88/100|[from] Stealth Rock\n|move|p2a: Melmetal|Double Iron Bash|p1a: Skarmory\n|-resisted|p1a: Skarmory\n|-damage|p1a: Skarmory|77/100\n|-resisted|p1a: Skarmory\n|-damage|p1a: Skarmory|66/100\n|-hitcount|p1a: Skarmory|2\n|\n|upkeep\n|turn|26\n|\n|t:|1790783127\n|switch|p2a: Slowking|Slowking-Galar, M|59/100 brn\n|-damage|p2a: Slowking|47/100 brn|[from] Stealth Rock\n|move|p1a: Skarmory|Roost|p1a: Skarmory\n|-heal|p1a: Skarmory|100/100\n|-singleturn|p1a: Skarmory|move: Roost\n|\n|-damage|p2a: Slowking|41/100 brn|[from] brn\n|upkeep\n|turn|27\n|\n|t:|1790783139\n|switch|p1a: Slowking|Slowking-Galar, F|100/100\n|-damage|p1a: Slowking|88/100|[from] Stealth Rock\n|switch|p2a: Urshifu|Urshifu-Rapid-Strike, F|94/100\n|-damage|p2a: Urshifu|88/100|[from] Stealth Rock\n|\n|upkeep\n|turn|28\n|\n|t:|1790783153\n|move|p2a: Urshifu|U-turn|p1a: Slowking\n|-damage|p1a: Slowking|71/100\n|\n|t:|1790783158\n|switch|p2a: Slowking|Slowking-Galar, M|74/100 brn|[from] U-turn\n|-damage|p2a: Slowking|62/100 brn|[from] Stealth Rock\n|move|p1a: Slowking|Sludge Bomb|p2a: Slowking\n|-resisted|p2a: Slowking\n|-damage|p2a: Slowking|53/100 brn\n|\n|-damage|p2a: Slowking|46/100 brn|[from] brn\n|upkeep\n|turn|29\n|\n|t:|1790783167\n|switch|p2a: Weavile|Weavile, M|100/100\n|-ability|p2a: Weavile|Pressure\n|move|p1a: Slowking|Slack Off|p1a: Slowking\n|-heal|p1a: Slowking|100/100\n|\n|upkeep\n|turn|30\n|\n|t:|1790783172\n|switch|p1a: Skarmory|Skarmory, M|100/100\n|-damage|p1a: Skarmory|88/100|[from] Stealth Rock\n|move|p2a: Weavile|Triple Axel|p1a: Skarmory|[miss]\n|-miss|p2a: Weavile|p1a: Skarmory\n|\n|upkeep\n|turn|31\n|\n|t:|1790783182\n|switch|p2a: Slowking|Slowking-Galar, M|80/100 brn\n|-damage|p2a: Slowking|67/100 brn|[from] Stealth Rock\n|move|p1a: Skarmory|Spikes|p2a: Slowking\n|-sidestart|p2: n0rnorn0r|Spikes\n|\n|-damage|p2a: Slowking|61/100 brn|[from] brn\n|upkeep\n|turn|32\n|\n|t:|1790783189\n|switch|p1a: Slowking|Slowking-Galar, F|100/100\n|-damage|p1a: Slowking|88/100|[from] Stealth Rock\n|move|p2a: Slowking|Scald|p1a: Slowking\n|-damage|p1a: Slowking|65/100\n|\n|-damage|p2a: Slowking|55/100 brn|[from] brn\n|upkeep\n|turn|33\n|\n|t:|1790783196\n|move|p2a: Slowking|Future Sight|p1a: Slowking\n|-start|p2a: Slowking|move: Future Sight\n|move|p1a: Slowking|Scald|p2a: Slowking\n|-damage|p2a: Slowking|44/100 brn\n|\n|-damage|p2a: Slowking|38/100 brn|[from] brn\n|upkeep\n|turn|34\n|\n|t:|1790783209\n|move|p2a: Slowking|Scald|p1a: Slowking\n|-damage|p1a: Slowking|43/100\n|-status|p1a: Slowking|brn\n|move|p1a: Slowking|Slack Off|p1a: Slowking\n|-heal|p1a: Slowking|93/100 brn\n|\n|-damage|p2a: Slowking|32/100 brn|[from] brn\n|-damage|p1a: Slowking|87/100 brn|[from] brn\n|upkeep\n|turn|35\n|\n|t:|1790783228\n|move|p2a: Slowking|Scald|p1a: Slowking\n|-damage|p1a: Slowking|64/100 brn\n|move|p1a: Slowking|Scald|p2a: Slowking\n|-damage|p2a: Slowking|21/100 brn\n|\n|-end|p1a: Slowking|move: Future Sight\n|-damage|p1a: Slowking|12/100 brn\n|-damage|p2a: Slowking|15/100 brn|[from] brn\n|-damage|p1a: Slowking|6/100 brn|[from] brn\n|upkeep\n|turn|36\n|c|\u2606n0rnorn0r|hmm\n|c|\u2606n0rnorn0r|m7scalcd\n|c|\u2606n0rnorn0r|miscalced\n|inactive|n0rnorn0r has 270 seconds left.\n|\n|t:|1790783258\n|switch|p2a: Urshifu|Urshifu-Rapid-Strike, F|88/100\n|-damage|p2a: Urshifu|82/100|[from] Stealth Rock\n|-damage|p2a: Urshifu|70/100|[from] Spikes\n|switch|p1a: Heatran|Heatran, F|55/100\n|-damage|p1a: Heatran|43/100|[from] Stealth Rock\n|\n|-heal|p1a: Heatran|49/100|[from] item: Leftovers\n|upkeep\n|turn|37\n|inactive|n0rnorn0r has 270 seconds left.\n|\n|t:|1790783266\n|switch|p1a: Clefable|Clefable, M|100/100\n|move|p2a: Urshifu|Surging Strikes|p1a: Clefable\n|-crit|p1a: Clefable\n|-damage|p1a: Clefable|82/100\n|-crit|p1a: Clefable\n|-damage|p1a: Clefable|64/100\n|-crit|p1a: Clefable\n|-damage|p1a: Clefable|46/100\n|-hitcount|p1a: Clefable|3\n|\n|-heal|p1a: Clefable|52/100|[from] item: Leftovers\n|upkeep\n|turn|38\n|inactive|n0rnorn0r has 270 seconds left.\n|inactive|Squirtle nornor has 270 seconds left.\n|\n|t:|1790783313\n|switch|p1a: Gastrodon|Gastrodon-East, F|47/100 tox\n|move|p2a: Urshifu|Surging Strikes|p1a: Gastrodon\n|-ability|p1a: Gastrodon|Storm Drain|boost\n|-boost|p1a: Gastrodon|spa|1\n|\n|-damage|p1a: Gastrodon|41/100 tox|[from] psn\n|upkeep\n|turn|39\n|\n|t:|1790783320\n|switch|p1a: Zapdos|Zapdos|100/100\n|-ability|p1a: Zapdos|Pressure\n|move|p2a: Urshifu|Close Combat|p1a: Zapdos\n|-resisted|p1a: Zapdos\n|-damage|p1a: Zapdos|67/100\n|-unboost|p2a: Urshifu|def|1\n|-unboost|p2a: Urshifu|spd|1\n|\n|upkeep\n|turn|40\n|inactive|Squirtle nornor has 270 seconds left.\n|inactive|n0rnorn0r has 240 seconds left.\n|inactive|n0rnorn0r has 210 seconds left.\n|inactive|n0rnorn0r has 180 seconds left.\n|\n|t:|1790783409\n|switch|p2a: Garchomp|Garchomp, M, shiny|17/100 brn\n|-damage|p2a: Garchomp|10/100 brn|[from] Stealth Rock\n|-damage|p2a: Garchomp|0 fnt|[from] Spikes\n|faint|p2a: Garchomp\n|move|p1a: Zapdos|Roost|p1a: Zapdos\n|-heal|p1a: Zapdos|100/100\n|-singleturn|p1a: Zapdos|move: Roost\n|\n|upkeep\n|\n|t:|1790783411\n|switch|p2a: Weavile|Weavile, M|100/100\n|-ability|p2a: Weavile|Pressure\n|turn|41\n|inactive|n0rnorn0r has 180 seconds left.\n|\n|t:|1790783426\n|switch|p1a: Skarmory|Skarmory, M|88/100\n|-damage|p1a: Skarmory|76/100|[from] Stealth Rock\n|move|p2a: Weavile|Triple Axel|p1a: Skarmory\n|-damage|p1a: Skarmory|69/100\n|-damage|p1a: Skarmory|56/100\n|-damage|p1a: Skarmory|37/100\n|-hitcount|p1a: Skarmory|3\n|\n|upkeep\n|turn|42\n|inactive|n0rnorn0r has 180 seconds left.\n|\n|t:|1790783465\n|move|p2a: Weavile|Triple Axel|p1a: Skarmory\n|-damage|p1a: Skarmory|31/100\n|-hitcount|p1a: Skarmory|1\n|move|p1a: Skarmory|Roost|p1a: Skarmory\n|-heal|p1a: Skarmory|81/100\n|-singleturn|p1a: Skarmory|move: Roost\n|\n|upkeep\n|turn|43\n|\n|t:|1790783472\n|switch|p2a: Corviknight|Corviknight, F|83/100 brn\n|-damage|p2a: Corviknight|71/100 brn|[from] Stealth Rock\n|-ability|p2a: Corviknight|Pressure\n|move|p1a: Skarmory|Roost|p1a: Skarmory\n|-heal|p1a: Skarmory|100/100\n|-singleturn|p1a: Skarmory|move: Roost\n|\n|-heal|p2a: Corviknight|77/100 brn|[from] item: Leftovers\n|-damage|p2a: Corviknight|71/100 brn|[from] brn\n|upkeep\n|turn|44\n|\n|t:|1790783479\n|switch|p1a: Clefable|Clefable, M|52/100\n|move|p2a: Corviknight|U-turn|p1a: Clefable\n|-resisted|p1a: Clefable\n|-damage|p1a: Clefable|49/100\n|inactive|n0rnorn0r has 150 seconds left.\n|inactive|n0rnorn0r has 120 seconds left.\n|inactive|n0rnorn0r has 90 seconds left.\n|\n|t:|1790783564\n|switch|p2a: Melmetal|Melmetal|100/100|[from] U-turn\n|-damage|p2a: Melmetal|94/100|[from] Stealth Rock\n|-damage|p2a: Melmetal|82/100|[from] Spikes\n|\n|-heal|p1a: Clefable|55/100|[from] item: Leftovers\n|-heal|p2a: Melmetal|88/100|[from] item: Leftovers\n|upkeep\n|turn|45\n|inactive|n0rnorn0r has 90 seconds left.\n|\n|t:|1790783593\n|switch|p1a: Zapdos|Zapdos|100/100\n|-ability|p1a: Zapdos|Pressure\n|move|p2a: Melmetal|Earthquake|p1a: Zapdos\n|-immune|p1a: Zapdos\n|\n|-heal|p2a: Melmetal|94/100|[from] item: Leftovers\n|upkeep\n|turn|46\n|\n|t:|1790783600\n|move|p1a: Zapdos|Substitute|p1a: Zapdos\n|-start|p1a: Zapdos|Substitute\n|-damage|p1a: Zapdos|76/100\n|move|p2a: Melmetal|Toxic||[still]\n|-fail|p2a: Melmetal\n|\n|-heal|p2a: Melmetal|99/100|[from] item: Leftovers\n|upkeep\n|turn|47\n|\n|t:|1790783604\n|move|p1a: Zapdos|Thunderbolt|p2a: Melmetal\n|-damage|p2a: Melmetal|70/100\n|move|p2a: Melmetal|Double Iron Bash|p1a: Zapdos\n|-resisted|p1a: Zapdos\n|-crit|p1a: Zapdos\n|-end|p1a: Zapdos|Substitute\n|-resisted|p1a: Zapdos\n|-crit|p1a: Zapdos\n|-damage|p1a: Zapdos|46/100\n|-hitcount|p1a: Zapdos|2\n|\n|-heal|p2a: Melmetal|76/100|[from] item: Leftovers\n|upkeep\n|turn|48\n|inactive|n0rnorn0r has 90 seconds left.\n|\n|t:|1790783615\n|move|p1a: Zapdos|Thunderbolt|p2a: Melmetal\n|-damage|p2a: Melmetal|44/100\n|move|p2a: Melmetal|Toxic|p1a: Zapdos\n|-status|p1a: Zapdos|tox\n|\n|-heal|p2a: Melmetal|50/100|[from] item: Leftovers\n|-damage|p1a: Zapdos|40/100 tox|[from] psn\n|upkeep\n|turn|49\n|inactive|n0rnorn0r has 90 seconds left.\n|\n|t:|1790783635\n|switch|p1a: Skarmory|Skarmory, M|100/100\n|-damage|p1a: Skarmory|88/100|[from] Stealth Rock\n|move|p2a: Melmetal|Double Iron Bash|p1a: Skarmory\n|-resisted|p1a: Skarmory\n|-damage|p1a: Skarmory|77/100\n|-resisted|p1a: Skarmory\n|-damage|p1a: Skarmory|66/100\n|-hitcount|p1a: Skarmory|2\n|\n|-heal|p2a: Melmetal|56/100|[from] item: Leftovers\n|upkeep\n|turn|50\n|\n|t:|1790783642\n|move|p1a: Skarmory|Roost|p1a: Skarmory\n|-heal|p1a: Skarmory|100/100\n|-singleturn|p1a: Skarmory|move: Roost\n|move|p2a: Melmetal|Double Iron Bash|p1a: Skarmory\n|-resisted|p1a: Skarmory\n|-damage|p1a: Skarmory|89/100\n|-resisted|p1a: Skarmory\n|-damage|p1a: Skarmory|77/100\n|-hitcount|p1a: Skarmory|2\n|\n|-heal|p2a: Melmetal|62/100|[from] item: Leftovers\n|upkeep\n|turn|51\n|inactive|n0rnorn0r has 90 seconds left.\n|\n|t:|1790783653\n|switch|p2a: Corviknight|Corviknight, F|71/100 brn\n|-damage|p2a: Corviknight|58/100 brn|[from] Stealth Rock\n|-ability|p2a: Corviknight|Pressure\n|move|p1a: Skarmory|Spikes|p2a: Corviknight\n|-sidestart|p2: n0rnorn0r|Spikes\n|\n|-heal|p2a: Corviknight|64/100 brn|[from] item: Leftovers\n|-damage|p2a: Corviknight|58/100 brn|[from] brn\n|upkeep\n|turn|52\n|inactive|n0rnorn0r has 90 seconds left.\n|\n|t:|1790783662\n|move|p1a: Skarmory|Iron Defense|p1a: Skarmory\n|-boost|p1a: Skarmory|def|2\n|move|p2a: Corviknight|Defog|p1a: Skarmory\n|-unboost|p1a: Skarmory|evasion|1\n|-sideend|p1: Squirtle nornor|Stealth Rock|[from] move: Defog|[of] p2a: Corviknight\n|-sideend|p2: n0rnorn0r|Spikes|[from] move: Defog|[of] p2a: Corviknight\n|-sideend|p2: n0rnorn0r|Stealth Rock|[from] move: Defog|[of] p2a: Corviknight\n|\n|-heal|p2a: Corviknight|64/100 brn|[from] item: Leftovers\n|-damage|p2a: Corviknight|58/100 brn|[from] brn\n|upkeep\n|turn|53\n|\n|t:|1790783667\n|switch|p2a: Slowking|Slowking-Galar, M|48/100 brn\n|move|p1a: Skarmory|Spikes|p2a: Slowking\n|-sidestart|p2: n0rnorn0r|Spikes\n|\n|-damage|p2a: Slowking|42/100 brn|[from] brn\n|upkeep\n|turn|54\n|\n|t:|1790783686\n|switch|p1a: Heatran|Heatran, F|49/100\n|move|p2a: Slowking|Scald|p1a: Heatran\n|-supereffective|p1a: Heatran\n|-damage|p1a: Heatran|14/100\n|\n|-heal|p1a: Heatran|21/100|[from] item: Leftovers\n|-damage|p2a: Slowking|36/100 brn|[from] brn\n|upkeep\n|turn|55\n|inactive|n0rnorn0r has 90 seconds left.\n|\n|t:|1790783704\n|switch|p1a: Gastrodon|Gastrodon-East, F|41/100 tox\n|switch|p2a: Urshifu|Urshifu-Rapid-Strike, F|70/100\n|-damage|p2a: Urshifu|57/100|[from] Spikes\n|\n|-damage|p1a: Gastrodon|35/100 tox|[from] psn\n|upkeep\n|turn|56\n|\n|t:|1790783714\n|switch|p1a: Slowking|Slowking-Galar, F|40/100 brn\n|move|p2a: Urshifu|Close Combat|p1a: Slowking\n|-resisted|p1a: Slowking\n|-damage|p1a: Slowking|28/100 brn\n|-unboost|p2a: Urshifu|def|1\n|-unboost|p2a: Urshifu|spd|1\n|\n|-damage|p1a: Slowking|22/100 brn|[from] brn\n|upkeep\n|turn|57\n|\n|t:|1790783721\n|move|p2a: Urshifu|Surging Strikes|p1a: Slowking\n|-crit|p1a: Slowking\n|-damage|p1a: Slowking|6/100 brn\n|-crit|p1a: Slowking\n|-damage|p1a: Slowking|0 fnt\n|faint|p1a: Slowking\n|-hitcount|p1: Slowking|2\n|\n|upkeep\n|\n|t:|1790783724\n|switch|p1a: Zapdos|Zapdos|40/100 tox\n|-ability|p1a: Zapdos|Pressure\n|turn|58\n|\n|t:|1790783732\n|switch|p2a: Slowking|Slowking-Galar, M|69/100 brn\n|-damage|p2a: Slowking|57/100 brn|[from] Spikes\n|move|p1a: Zapdos|Thunderbolt|p2a: Slowking\n|-damage|p2a: Slowking|36/100 brn\n|\n|-damage|p1a: Zapdos|34/100 tox|[from] psn\n|-damage|p2a: Slowking|30/100 brn|[from] brn\n|upkeep\n|turn|59\n|inactive|n0rnorn0r has 120 seconds left.\n|\n|t:|1790783761\n|move|p1a: Zapdos|Roost|p1a: Zapdos\n|-heal|p1a: Zapdos|84/100 tox\n|-singleturn|p1a: Zapdos|move: Roost\n|move|p2a: Slowking|Sludge Bomb|p1a: Zapdos\n|-damage|p1a: Zapdos|28/100 tox\n|\n|-damage|p1a: Zapdos|15/100 tox|[from] psn\n|-damage|p2a: Slowking|24/100 brn|[from] brn\n|upkeep\n|turn|60\n|inactive|n0rnorn0r has 90 seconds left.\n|inactive|Squirtle nornor has 270 seconds left.\n|\n|t:|1790783819\n|switch|p2a: Melmetal|Melmetal|62/100\n|-damage|p2a: Melmetal|50/100|[from] Spikes\n|move|p1a: Zapdos|Roost|p1a: Zapdos\n|-heal|p1a: Zapdos|66/100 tox\n|-singleturn|p1a: Zapdos|move: Roost\n|\n|-heal|p2a: Melmetal|56/100|[from] item: Leftovers\n|-damage|p1a: Zapdos|47/100 tox|[from] psn\n|upkeep\n|turn|61\n|\n|t:|1790783833\n|switch|p1a: Skarmory|Skarmory, M|77/100\n|switch|p2a: Slowking|Slowking-Galar, M|57/100 brn\n|-damage|p2a: Slowking|44/100 brn|[from] Spikes\n|\n|-damage|p2a: Slowking|38/100 brn|[from] brn\n|upkeep\n|turn|62\n|\n|t:|1790783851\n|switch|p1a: Gastrodon|Gastrodon-East, F|35/100 tox\n|switch|p2a: Weavile|Weavile, M|100/100\n|-ability|p2a: Weavile|Pressure\n|\n|-damage|p1a: Gastrodon|29/100 tox|[from] psn\n|upkeep\n|turn|63\n|\n|t:|1790783865\n|switch|p1a: Heatran|Heatran, F|21/100\n|move|p2a: Weavile|Knock Off|p1a: Heatran\n|-crit|p1a: Heatran\n|-damage|p1a: Heatran|0 fnt\n|-enditem|p1a: Heatran|Leftovers|[from] move: Knock Off|[of] p2a: Weavile\n|faint|p1a: Heatran\n|\n|upkeep\n|inactive|Squirtle nornor has 270 seconds left.\n|\n|t:|1790783882\n|switch|p1a: Skarmory|Skarmory, M|77/100\n|turn|64\n|\n|t:|1790783887\n|switch|p2a: Slowking|Slowking-Galar, M|72/100 brn\n|-damage|p2a: Slowking|59/100 brn|[from] Spikes\n|move|p1a: Skarmory|Roost|p1a: Skarmory\n|-heal|p1a: Skarmory|100/100\n|-singleturn|p1a: Skarmory|move: Roost\n|\n|-damage|p2a: Slowking|53/100 brn|[from] brn\n|upkeep\n|turn|65\n|\n|t:|1790783891\n|move|p1a: Skarmory|Spikes|p2a: Slowking\n|-sidestart|p2: n0rnorn0r|Spikes\n|move|p2a: Slowking|Future Sight|p1a: Skarmory\n|-start|p2a: Slowking|move: Future Sight\n|\n|-damage|p2a: Slowking|47/100 brn|[from] brn\n|upkeep\n|turn|66\n|\n|t:|1790783898\n|switch|p1a: Gastrodon|Gastrodon-East, F|29/100 tox\n|move|p2a: Slowking|Flamethrower|p1a: Gastrodon\n|-resisted|p1a: Gastrodon\n|-damage|p1a: Gastrodon|18/100 tox\n|\n|-damage|p1a: Gastrodon|12/100 tox|[from] psn\n|-damage|p2a: Slowking|41/100 brn|[from] brn\n|upkeep\n|turn|67\n|\n|t:|1790783904\n|switch|p2a: Corviknight|Corviknight, F|58/100 brn\n|-ability|p2a: Corviknight|Pressure\n|move|p1a: Gastrodon|Recover|p1a: Gastrodon\n|-heal|p1a: Gastrodon|62/100 tox\n|\n|-end|p1a: Gastrodon|move: Future Sight\n|-damage|p1a: Gastrodon|21/100 tox\n|-heal|p2a: Corviknight|64/100 brn|[from] item: Leftovers\n|-damage|p1a: Gastrodon|9/100 tox|[from] psn\n|-damage|p2a: Corviknight|58/100 brn|[from] brn\n|upkeep\n|turn|68\n|\n|t:|1790783913\n|switch|p1a: Clefable|Clefable, M|55/100\n|move|p2a: Corviknight|U-turn|p1a: Clefable\n|-resisted|p1a: Clefable\n|-damage|p1a: Clefable|52/100\n|\n|t:|1790783929\n|switch|p2a: Slowking|Slowking-Galar, M|74/100 brn|[from] U-turn\n|-damage|p2a: Slowking|58/100 brn|[from] Spikes\n|\n|-heal|p1a: Clefable|58/100|[from] item: Leftovers\n|-damage|p2a: Slowking|52/100 brn|[from] brn\n|upkeep\n|turn|69\n|\n|t:|1790783938\n|switch|p1a: Gastrodon|Gastrodon-East, F|9/100 tox\n|move|p2a: Slowking|Sludge Bomb|p1a: Gastrodon\n|-resisted|p1a: Gastrodon\n|-damage|p1a: Gastrodon|0 fnt\n|faint|p1a: Gastrodon\n|\n|-damage|p2a: Slowking|45/100 brn|[from] brn\n|upkeep\n|\n|t:|1790783942\n|switch|p1a: Zapdos|Zapdos|47/100 tox\n|-ability|p1a: Zapdos|Pressure\n|turn|70\n|inactive|n0rnorn0r has 120 seconds left.\n|\n|t:|1790783948\n|switch|p2a: Melmetal|Melmetal|56/100\n|-damage|p2a: Melmetal|39/100|[from] Spikes\n|move|p1a: Zapdos|Roost|p1a: Zapdos\n|-heal|p1a: Zapdos|97/100 tox\n|-singleturn|p1a: Zapdos|move: Roost\n|\n|-heal|p2a: Melmetal|45/100|[from] item: Leftovers\n|-damage|p1a: Zapdos|91/100 tox|[from] psn\n|upkeep\n|turn|71\n|\n|t:|1790783953\n|move|p1a: Zapdos|Thunderbolt|p2a: Melmetal\n|-damage|p2a: Melmetal|16/100\n|move|p2a: Melmetal|Double Iron Bash|p1a: Zapdos\n|-resisted|p1a: Zapdos\n|-damage|p1a: Zapdos|72/100 tox\n|-resisted|p1a: Zapdos\n|-damage|p1a: Zapdos|53/100 tox\n|-hitcount|p1a: Zapdos|2\n|\n|-heal|p2a: Melmetal|22/100|[from] item: Leftovers\n|-damage|p1a: Zapdos|40/100 tox|[from] psn\n|upkeep\n|turn|72\n|\n|t:|1790783958\n|move|p1a: Zapdos|Thunderbolt|p2a: Melmetal\n|-damage|p2a: Melmetal|0 fnt\n|faint|p2a: Melmetal\n|\n|-damage|p1a: Zapdos|22/100 tox|[from] psn\n|upkeep\n|inactive|n0rnorn0r has 120 seconds left.\n|\n|t:|1790783985\n|switch|p2a: Slowking|Slowking-Galar, M|79/100 brn\n|-damage|p2a: Slowking|62/100 brn|[from] Spikes\n|turn|73\n|\n|t:|1790783990\n|move|p1a: Zapdos|Roost|p1a: Zapdos\n|-heal|p1a: Zapdos|72/100 tox\n|-singleturn|p1a: Zapdos|move: Roost\n|move|p2a: Slowking|Flamethrower|p1a: Zapdos\n|-damage|p1a: Zapdos|34/100 tox\n|\n|-damage|p1a: Zapdos|9/100 tox|[from] psn\n|-damage|p2a: Slowking|56/100 brn|[from] brn\n|upkeep\n|turn|74\n|\n|t:|1790784004\n|move|p1a: Zapdos|Hurricane|p2a: Slowking|[miss]\n|-miss|p1a: Zapdos|p2a: Slowking\n|move|p2a: Slowking|Future Sight|p1a: Zapdos\n|-start|p2a: Slowking|move: Future Sight\n|\n|-damage|p1a: Zapdos|0 fnt|[from] psn\n|faint|p1a: Zapdos\n|-damage|p2a: Slowking|50/100 brn|[from] brn\n|upkeep\n|\n|t:|1790784012\n|switch|p1a: Clefable|Clefable, M|58/100\n|turn|75\n|\n|t:|1790784015\n|move|p1a: Clefable|Soft-Boiled|p1a: Clefable\n|-heal|p1a: Clefable|100/100\n|move|p2a: Slowking|Sludge Bomb|p1a: Clefable\n|-supereffective|p1a: Clefable\n|-damage|p1a: Clefable|24/100\n|-status|p1a: Clefable|psn\n|\n|-heal|p1a: Clefable|30/100 psn|[from] item: Leftovers\n|-damage|p2a: Slowking|44/100 brn|[from] brn\n|upkeep\n|turn|76\n|inactive|n0rnorn0r has 150 seconds left.\n|\n|t:|1790784046\n|switch|p2a: Urshifu|Urshifu-Rapid-Strike, F|57/100\n|-damage|p2a: Urshifu|41/100|[from] Spikes\n|move|p1a: Clefable|Moonblast|p2a: Urshifu\n|-supereffective|p2a: Urshifu\n|-damage|p2a: Urshifu|0 fnt\n|faint|p2a: Urshifu\n|\n|-end|p1a: Clefable|move: Future Sight\n|-damage|p1a: Clefable|0 fnt\n|faint|p1a: Clefable\n|upkeep\n|c|\u2606n0rnorn0r|gg\n|\n|t:|1790784050\n|switch|p2a: Slowking|Slowking-Galar, M|77/100 brn\n|switch|p1a: Skarmory|Skarmory, M|100/100\n|-damage|p2a: Slowking|61/100 brn|[from] Spikes\n|turn|77\n|\n|t:|1790784057\n|move|p1a: Skarmory|Body Press|p2a: Slowking\n|-resisted|p2a: Slowking\n|-damage|p2a: Slowking|52/100 brn\n|move|p2a: Slowking|Flamethrower|p1a: Skarmory\n|-supereffective|p1a: Skarmory\n|-damage|p1a: Skarmory|18/100\n|\n|-damage|p2a: Slowking|46/100 brn|[from] brn\n|upkeep\n|turn|78\n|\n|t:|1790784059\n|move|p1a: Skarmory|Roost|p1a: Skarmory\n|-heal|p1a: Skarmory|68/100\n|-singleturn|p1a: Skarmory|move: Roost\n|move|p2a: Slowking|Flamethrower|p1a: Skarmory\n|-supereffective|p1a: Skarmory\n|-damage|p1a: Skarmory|0 fnt\n|faint|p1a: Skarmory\n|\n|win|n0rnorn0r\n|c|\u2606Squirtle nornor|gg\n|player|p1|\n", "uploadtime": 1790784059, "views": "130", "formatid": "gen8ou", "rating": null, "private": 0, "password": null}