{"id": "smogtours-gen8ou-976673", "format": "[Gen 8] OU", "players": ["xSuko", "July"], "log": "|inactive|Battle timer is ON: inactive players will automatically lose when time's up.\n|t:|1791130862\n|gametype|singles\n|player|p1|xSuko|crasherwake|\n|player|p2|July|#gscpl6carapingacaterpies|\n|gen|8\n|tier|[Gen 8] OU\n|rule|HP Percentage Mod: HP is shown in percentages\n|rule|Endless Battle Clause: Forcing endless battles is banned\n|rule|Sleep Clause Mod: Limit one foe put to sleep\n|rule|Species Clause: Limit one of each Pok\u00e9mon\n|rule|OHKO Clause: OHKO moves are banned\n|rule|Evasion Items Clause: Evasion items are banned\n|rule|Evasion Moves Clause: Evasion moves are banned\n|rule|Dynamax Clause: You cannot dynamax\n|clearpoke\n|poke|p1|Landorus-Therian, M|\n|poke|p1|Clefable, M|\n|poke|p1|Weavile, F|\n|poke|p1|Ferrothorn, M|\n|poke|p1|Tornadus-Therian, M|\n|poke|p1|Tapu Koko|\n|poke|p2|Pelipper, M|\n|poke|p2|Barraskewda, M|\n|poke|p2|Kingdra, F|\n|poke|p2|Ferrothorn, F|\n|poke|p2|Scizor, M|\n|poke|p2|Thundurus-Therian, M|\n|teampreview\n|c|\u2606xSuko|hf\n|c|\u2606July|=\n|inactive|xSuko has 270 seconds left.\n|\n|t:|1791130892\n|teamsize|p1|6\n|teamsize|p2|6\n|start\n|switch|p1a: Tapu Koko|Tapu Koko|100/100\n|switch|p2a: Barraskewda|Barraskewda, M|100/100\n|-fieldstart|move: Electric Terrain|[from] ability: Electric Surge|[of] p1a: Tapu Koko\n|turn|1\n|\n|t:|1791130898\n|move|p1a: Tapu Koko|U-turn|p2a: Barraskewda\n|-damage|p2a: Barraskewda|66/100\n|\n|t:|1791130901\n|switch|p1a: Ferrothorn|Ferrothorn, M|100/100|[from] U-turn\n|move|p2a: Barraskewda|Flip Turn|p1a: Ferrothorn\n|-resisted|p1a: Ferrothorn\n|-damage|p1a: Ferrothorn|91/100\n|-activate|p1a: Ferrothorn|ability: Iron Barbs\n|-activate|p2a: Barraskewda|item: Protective Pads\n|\n|t:|1791130914\n|switch|p2a: Pelipper|Pelipper, M|100/100|[from] Flip Turn\n|-weather|RainDance|[from] ability: Drizzle|[of] p2a: Pelipper\n|\n|-weather|RainDance|[upkeep]\n|-heal|p1a: Ferrothorn|97/100|[from] item: Leftovers\n|upkeep\n|turn|2\n|\n|t:|1791130920\n|move|p2a: Pelipper|Hurricane|p1a: Ferrothorn\n|-damage|p1a: Ferrothorn|66/100\n|move|p1a: Ferrothorn|Leech Seed|p2a: Pelipper\n|-start|p2a: Pelipper|move: Leech Seed\n|\n|-weather|RainDance|[upkeep]\n|-heal|p1a: Ferrothorn|72/100|[from] item: Leftovers\n|-damage|p2a: Pelipper|88/100|[from] Leech Seed|[of] p1a: Ferrothorn\n|-heal|p1a: Ferrothorn|83/100|[silent]\n|upkeep\n|turn|3\n|\n|t:|1791130925\n|move|p2a: Pelipper|U-turn|p1a: Ferrothorn\n|-damage|p1a: Ferrothorn|78/100\n|-damage|p2a: Pelipper|76/100|[from] ability: Iron Barbs|[of] p1a: Ferrothorn\n|\n|t:|1791130927\n|switch|p2a: Thundurus|Thundurus-Therian, M, shiny|100/100|[from] U-turn\n|move|p1a: Ferrothorn|Knock Off|p2a: Thundurus\n|-damage|p2a: Thundurus|67/100\n|-enditem|p2a: Thundurus|Heavy-Duty Boots|[from] move: Knock Off|[of] p1a: Ferrothorn\n|\n|-weather|RainDance|[upkeep]\n|-heal|p1a: Ferrothorn|84/100|[from] item: Leftovers\n|upkeep\n|turn|4\n|\n|t:|1791130942\n|move|p2a: Thundurus|Nasty Plot|p2a: Thundurus\n|-boost|p2a: Thundurus|spa|2\n|move|p1a: Ferrothorn|Leech Seed|p2a: Thundurus\n|-start|p2a: Thundurus|move: Leech Seed\n|\n|-weather|RainDance|[upkeep]\n|-heal|p1a: Ferrothorn|91/100|[from] item: Leftovers\n|-damage|p2a: Thundurus|55/100|[from] Leech Seed|[of] p1a: Ferrothorn\n|-heal|p1a: Ferrothorn|100/100|[silent]\n|upkeep\n|turn|5\n|\n|t:|1791130962\n|move|p2a: Thundurus|Weather Ball|p1a: Ferrothorn\n|-resisted|p1a: Ferrothorn\n|-damage|p1a: Ferrothorn|53/100\n|move|p1a: Ferrothorn|Power Whip|p2a: Thundurus\n|-resisted|p2a: Thundurus\n|-damage|p2a: Thundurus|27/100\n|\n|-weather|RainDance|[upkeep]\n|-heal|p1a: Ferrothorn|60/100|[from] item: Leftovers\n|-damage|p2a: Thundurus|15/100|[from] Leech Seed|[of] p1a: Ferrothorn\n|-heal|p1a: Ferrothorn|70/100|[silent]\n|-fieldend|move: Electric Terrain\n|upkeep\n|turn|6\n|\n|t:|1791130974\n|switch|p1a: Clefable|Clefable, M|100/100\n|move|p2a: Thundurus|Focus Blast|p1a: Clefable|[miss]\n|-miss|p2a: Thundurus|p1a: Clefable\n|\n|-weather|RainDance|[upkeep]\n|-damage|p2a: Thundurus|3/100|[from] Leech Seed|[of] p1a: Clefable\n|upkeep\n|turn|7\n|\n|t:|1791130986\n|switch|p1a: Ferrothorn|Ferrothorn, M|70/100\n|move|p2a: Thundurus|Thunder|p1a: Ferrothorn\n|-resisted|p1a: Ferrothorn\n|-crit|p1a: Ferrothorn\n|-damage|p1a: Ferrothorn|0 fnt\n|faint|p1a: Ferrothorn\n|\n|-weather|RainDance|[upkeep]\n|upkeep\n|inactive|xSuko has 270 seconds left.\n|\n|t:|1791131005\n|switch|p1a: Tapu Koko|Tapu Koko|100/100\n|-fieldstart|move: Electric Terrain|[from] ability: Electric Surge|[of] p1a: Tapu Koko\n|turn|8\n|inactive|xSuko has 270 seconds left.\n|\n|t:|1791131011\n|switch|p2a: Ferrothorn|Ferrothorn, F|100/100\n|move|p1a: Tapu Koko|Dazzling Gleam|p2a: Ferrothorn\n|-resisted|p2a: Ferrothorn\n|-damage|p2a: Ferrothorn|89/100\n|-enditem|p2a: Ferrothorn|Eject Button\n|\n|t:|1791131024\n|switch|p2a: Scizor|Scizor, M|100/100\n|\n|-weather|none\n|upkeep\n|turn|9\n|\n|t:|1791131028\n|switch|p1a: Landorus|Landorus-Therian, M|100/100\n|-ability|p1a: Landorus|Intimidate|boost\n|-unboost|p2a: Scizor|atk|1\n|move|p2a: Scizor|Swords Dance|p2a: Scizor\n|-boost|p2a: Scizor|atk|2\n|\n|upkeep\n|turn|10\n|\n|t:|1791131038\n|move|p2a: Scizor|Bullet Punch|p1a: Landorus\n|-damage|p1a: Landorus|37/100\n|-damage|p2a: Scizor|91/100|[from] item: Life Orb\n|move|p1a: Landorus|Earthquake|p2a: Scizor\n|-damage|p2a: Scizor|3/100\n|\n|upkeep\n|turn|11\n|inactive|xSuko has 270 seconds left.\n|\n|t:|1791131090\n|switch|p1a: Tornadus|Tornadus-Therian, M|100/100\n|move|p2a: Scizor|Bullet Punch|p1a: Tornadus\n|-damage|p1a: Tornadus|37/100\n|-damage|p2a: Scizor|0 fnt|[from] item: Life Orb\n|faint|p2a: Scizor\n|\n|upkeep\n|\n|t:|1791131097\n|switch|p2a: Barraskewda|Barraskewda, M|66/100\n|turn|12\n|\n|t:|1791131110\n|switch|p1a: Tapu Koko|Tapu Koko|100/100\n|move|p2a: Barraskewda|Liquidation|p1a: Tapu Koko\n|-damage|p1a: Tapu Koko|40/100\n|\n|-fieldend|move: Electric Terrain\n|upkeep\n|turn|13\n|\n|t:|1791131116\n|switch|p2a: Ferrothorn|Ferrothorn, F|89/100\n|move|p1a: Tapu Koko|Roost|p1a: Tapu Koko\n|-heal|p1a: Tapu Koko|91/100\n|-singleturn|p1a: Tapu Koko|move: Roost\n|\n|upkeep\n|turn|14\n|\n|t:|1791131125\n|switch|p1a: Landorus|Landorus-Therian, M|37/100\n|-ability|p1a: Landorus|Intimidate|boost\n|-unboost|p2a: Ferrothorn|atk|1\n|move|p2a: Ferrothorn|Thunder Wave|p1a: Landorus\n|-immune|p1a: Landorus\n|\n|upkeep\n|turn|15\n|inactive|xSuko has 270 seconds left.\n|\n|t:|1791131132\n|move|p1a: Landorus|Stealth Rock|p2a: Ferrothorn\n|-sidestart|p2: July|move: Stealth Rock\n|move|p2a: Ferrothorn|Leech Seed|p1a: Landorus\n|-start|p1a: Landorus|move: Leech Seed\n|\n|-damage|p1a: Landorus|25/100|[from] Leech Seed|[of] p2a: Ferrothorn\n|-heal|p2a: Ferrothorn|100/100|[silent]\n|upkeep\n|turn|16\n|\n|t:|1791131137\n|switch|p1a: Tornadus|Tornadus-Therian, M|70/100\n|move|p2a: Ferrothorn|Stealth Rock|p1a: Tornadus\n|-sidestart|p1: xSuko|move: Stealth Rock\n|\n|upkeep\n|turn|17\n|\n|t:|1791131144\n|move|p1a: Tornadus|Hurricane|p2a: Ferrothorn\n|-damage|p2a: Ferrothorn|70/100\n|move|p2a: Ferrothorn|Leech Seed|p1a: Tornadus\n|-start|p1a: Tornadus|move: Leech Seed\n|\n|-damage|p1a: Tornadus|57/100|[from] Leech Seed|[of] p2a: Ferrothorn\n|-heal|p2a: Ferrothorn|82/100|[silent]\n|upkeep\n|turn|18\n|inactive|xSuko has 270 seconds left.\n|\n|t:|1791131167\n|switch|p1a: Landorus|Landorus-Therian, M|25/100\n|-damage|p1a: Landorus|13/100|[from] Stealth Rock\n|-ability|p1a: Landorus|Intimidate|boost\n|-unboost|p2a: Ferrothorn|atk|1\n|move|p2a: Ferrothorn|Thunder Wave|p1a: Landorus\n|-immune|p1a: Landorus\n|\n|upkeep\n|turn|19\n|\n|t:|1791131171\n|move|p1a: Landorus|Earthquake|p2a: Ferrothorn\n|-damage|p2a: Ferrothorn|33/100\n|move|p2a: Ferrothorn|Leech Seed|p1a: Landorus\n|-start|p1a: Landorus|move: Leech Seed\n|\n|-damage|p1a: Landorus|0 fnt|[from] Leech Seed|[of] p2a: Ferrothorn\n|-heal|p2a: Ferrothorn|46/100|[silent]\n|faint|p1a: Landorus\n|upkeep\n|inactive|xSuko has 270 seconds left.\n|\n|t:|1791131186\n|switch|p1a: Weavile|Weavile, F|100/100\n|-ability|p1a: Weavile|Pressure\n|turn|20\n|\n|t:|1791131191\n|move|p1a: Weavile|Swords Dance|p1a: Weavile\n|-boost|p1a: Weavile|atk|2\n|move|p2a: Ferrothorn|Body Press|p1a: Weavile\n|-supereffective|p1a: Weavile\n|-damage|p1a: Weavile|0 fnt\n|faint|p1a: Weavile\n|\n|upkeep\n|\n|t:|1791131198\n|switch|p1a: Tornadus|Tornadus-Therian, M|91/100\n|turn|21\n|\n|t:|1791131202\n|move|p1a: Tornadus|Hurricane|p2a: Ferrothorn\n|-damage|p2a: Ferrothorn|15/100\n|move|p2a: Ferrothorn|Thunder Wave|p1a: Tornadus\n|-status|p1a: Tornadus|par\n|\n|upkeep\n|turn|22\n|\n|t:|1791131209\n|cant|p1a: Tornadus|par\n|move|p2a: Ferrothorn|Leech Seed|p1a: Tornadus|[miss]\n|-miss|p2a: Ferrothorn|p1a: Tornadus\n|\n|upkeep\n|turn|23\n|\n|t:|1791131213\n|move|p1a: Tornadus|Hurricane|p2a: Ferrothorn\n|-damage|p2a: Ferrothorn|0 fnt\n|faint|p2a: Ferrothorn\n|\n|upkeep\n|\n|t:|1791131224\n|switch|p2a: Kingdra|Kingdra, F, shiny|100/100\n|-damage|p2a: Kingdra|88/100|[from] Stealth Rock\n|turn|24\n|\n|t:|1791131252\n|switch|p1a: Clefable|Clefable, M|100/100\n|move|p2a: Kingdra|Surf|p1a: Clefable\n|-damage|p1a: Clefable|46/100\n|\n|-heal|p1a: Clefable|52/100|[from] item: Leftovers\n|upkeep\n|turn|25\n|inactive|xSuko has 270 seconds left.\n|\n|t:|1791131270\n|switch|p1a: Tornadus|Tornadus-Therian, M|100/100 par\n|move|p2a: Kingdra|Surf|p1a: Tornadus\n|-damage|p1a: Tornadus|31/100 par\n|\n|upkeep\n|turn|26\n|\n|t:|1791131276\n|move|p2a: Kingdra|Surf|p1a: Tornadus\n|-damage|p1a: Tornadus|0 fnt\n|faint|p1a: Tornadus\n|\n|upkeep\n|\n|t:|1791131278\n|switch|p1a: Tapu Koko|Tapu Koko|91/100\n|-fieldstart|move: Electric Terrain|[from] ability: Electric Surge|[of] p1a: Tapu Koko\n|turn|27\n|\n|t:|1791131282\n|switch|p2a: Thundurus|Thundurus-Therian, M, shiny|3/100\n|-damage|p2a: Thundurus|0 fnt|[from] Stealth Rock\n|faint|p2a: Thundurus\n|move|p1a: Tapu Koko|Dazzling Gleam|p2: Thundurus|[notarget]\n|-fail|p1a: Tapu Koko\n|\n|upkeep\n|\n|t:|1791131286\n|switch|p2a: Pelipper|Pelipper, M|76/100\n|-damage|p2a: Pelipper|51/100|[from] Stealth Rock\n|-weather|RainDance|[from] ability: Drizzle|[of] p2a: Pelipper\n|turn|28\n|\n|t:|1791131295\n|move|p1a: Tapu Koko|U-turn|p2a: Pelipper\n|-resisted|p2a: Pelipper\n|-damage|p2a: Pelipper|45/100\n|\n|t:|1791131297\n|switch|p1a: Clefable|Clefable, M|52/100|[from] U-turn\n|move|p2a: Pelipper|U-turn|p1a: Clefable\n|-resisted|p1a: Clefable\n|-damage|p1a: Clefable|48/100\n|\n|t:|1791131306\n|switch|p2a: Barraskewda|Barraskewda, M|66/100|[from] U-turn\n|-damage|p2a: Barraskewda|53/100|[from] Stealth Rock\n|\n|-weather|RainDance|[upkeep]\n|-heal|p1a: Clefable|54/100|[from] item: Leftovers\n|upkeep\n|turn|29\n|\n|t:|1791131316\n|move|p2a: Barraskewda|Flip Turn|p1a: Clefable\n|-damage|p1a: Clefable|18/100\n|\n|t:|1791131321\n|switch|p2a: Pelipper|Pelipper, M|45/100|[from] Flip Turn\n|-damage|p2a: Pelipper|20/100|[from] Stealth Rock\n|move|p1a: Clefable|Soft-Boiled|p1a: Clefable\n|-heal|p1a: Clefable|68/100\n|\n|-weather|RainDance|[upkeep]\n|-heal|p1a: Clefable|74/100|[from] item: Leftovers\n|upkeep\n|turn|30\n|\n|t:|1791131325\n|move|p1a: Clefable|Soft-Boiled|p1a: Clefable\n|-heal|p1a: Clefable|100/100\n|move|p2a: Pelipper|Hurricane|p1a: Clefable\n|-damage|p1a: Clefable|69/100\n|-start|p1a: Clefable|confusion\n|\n|-weather|RainDance|[upkeep]\n|-heal|p1a: Clefable|75/100|[from] item: Leftovers\n|upkeep\n|turn|31\n|\n|t:|1791131330\n|-activate|p1a: Clefable|confusion\n|-damage|p1a: Clefable|71/100|[from] confusion\n|move|p2a: Pelipper|U-turn|p1a: Clefable\n|-resisted|p1a: Clefable\n|-damage|p1a: Clefable|67/100\n|\n|t:|1791131334\n|switch|p2a: Kingdra|Kingdra, F, shiny|88/100|[from] U-turn\n|-damage|p2a: Kingdra|76/100|[from] Stealth Rock\n|\n|-weather|RainDance|[upkeep]\n|-heal|p1a: Clefable|73/100|[from] item: Leftovers\n|-fieldend|move: Electric Terrain\n|upkeep\n|turn|32\n|\n|t:|1791131339\n|move|p2a: Kingdra|Surf|p1a: Clefable\n|-damage|p1a: Clefable|0 fnt\n|faint|p1a: Clefable\n|\n|-weather|RainDance|[upkeep]\n|upkeep\n|\n|t:|1791131341\n|switch|p1a: Tapu Koko|Tapu Koko|91/100\n|-fieldstart|move: Electric Terrain|[from] ability: Electric Surge|[of] p1a: Tapu Koko\n|turn|33\n|\n|t:|1791131344\n|move|p2a: Kingdra|Surf|p1a: Tapu Koko\n|-damage|p1a: Tapu Koko|0 fnt\n|faint|p1a: Tapu Koko\n|\n|win|July\n|c|\u2606xSuko|gg\n|c|\u2606July|gg\n", "uploadtime": 1791131344, "views": "83", "formatid": "gen8ou", "rating": null, "private": 0, "password": null}