{"id": "smogtours-gen8ou-977269", "format": "[Gen 8] OU", "players": ["mashiiron", "NinjaCaro"], "log": "|inactive|Battle timer is ON: inactive players will automatically lose when time's up.\n|t:|1791256373\n|gametype|singles\n|player|p1|mashiiron|169|\n|player|p2|NinjaCaro|#lcplxv|\n|gen|8\n|tier|[Gen 8] OU\n|rule|HP Percentage Mod: HP is shown in percentages\n|rule|Endless Battle Clause: Forcing endless battles is banned\n|rule|Sleep Clause Mod: Limit one foe put to sleep\n|rule|Species Clause: Limit one of each Pok\u00e9mon\n|rule|OHKO Clause: OHKO moves are banned\n|rule|Evasion Items Clause: Evasion items are banned\n|rule|Evasion Moves Clause: Evasion moves are banned\n|rule|Dynamax Clause: You cannot dynamax\n|clearpoke\n|poke|p1|Tapu Lele|\n|poke|p1|Urshifu-*, F|\n|poke|p1|Heatran, F|\n|poke|p1|Landorus-Therian, M|\n|poke|p1|Weavile, M|\n|poke|p1|Slowbro, F|\n|poke|p2|Rillaboom, M|\n|poke|p2|Blacephalon|\n|poke|p2|Dragapult, M|\n|poke|p2|Rotom-Wash|\n|poke|p2|Heatran, M|\n|poke|p2|Landorus-Therian, M|\n|teampreview\n|\n|t:|1791256388\n|teamsize|p1|6\n|teamsize|p2|6\n|start\n|switch|p1a: Urshifu|Urshifu-Rapid-Strike, F|100/100\n|switch|p2a: Rotom|Rotom-Wash|100/100\n|turn|1\n|\n|t:|1791256392\n|move|p1a: Urshifu|U-turn|p2a: Rotom\n|-damage|p2a: Rotom|76/100\n|\n|t:|1791256401\n|switch|p1a: Heatran|Heatran, F|100/100|[from] U-turn\n|move|p2a: Rotom|Thunder Wave|p1a: Heatran\n|-status|p1a: Heatran|par\n|\n|-heal|p2a: Rotom|82/100|[from] item: Leftovers\n|upkeep\n|turn|2\n|\n|t:|1791256414\n|move|p2a: Rotom|Volt Switch|p1a: Heatran\n|-damage|p1a: Heatran|86/100 par\n|\n|t:|1791256419\n|switch|p2a: Landorus|Landorus-Therian, M|100/100|[from] Volt Switch\n|-ability|p2a: Landorus|Intimidate|boost\n|-unboost|p1a: Heatran|atk|1\n|move|p1a: Heatran|Stealth Rock|p2a: Landorus\n|-sidestart|p2: NinjaCaro|move: Stealth Rock\n|\n|-heal|p1a: Heatran|92/100 par|[from] item: Leftovers\n|upkeep\n|turn|3\n|\n|t:|1791256423\n|switch|p1a: Weavile|Weavile, M|100/100\n|move|p2a: Landorus|U-turn|p1a: Weavile\n|-supereffective|p1a: Weavile\n|-damage|p1a: Weavile|28/100\n|\n|t:|1791256428\n|switch|p2a: Rillaboom|Rillaboom, M|100/100|[from] U-turn\n|-damage|p2a: Rillaboom|88/100|[from] Stealth Rock\n|-fieldstart|move: Grassy Terrain|[from] ability: Grassy Surge|[of] p2a: Rillaboom\n|\n|-heal|p1a: Weavile|34/100|[from] Grassy Terrain\n|-heal|p2a: Rillaboom|94/100|[from] Grassy Terrain\n|upkeep\n|turn|4\n|\n|t:|1791256433\n|switch|p1a: Landorus|Landorus-Therian, M|100/100\n|-ability|p1a: Landorus|Intimidate|boost\n|-unboost|p2a: Rillaboom|atk|1\n|move|p2a: Rillaboom|Grassy Glide|p1a: Landorus\n|-damage|p1a: Landorus|54/100\n|\n|-heal|p2a: Rillaboom|99/100|[from] Grassy Terrain\n|-heal|p1a: Landorus|60/100|[from] item: Leftovers\n|upkeep\n|turn|5\n|\n|t:|1791256442\n|switch|p1a: Heatran|Heatran, F|92/100 par\n|move|p2a: Rillaboom|Grassy Glide|p1a: Heatran\n|-resisted|p1a: Heatran\n|-crit|p1a: Heatran\n|-damage|p1a: Heatran|67/100 par\n|\n|-heal|p2a: Rillaboom|100/100|[from] Grassy Terrain\n|-heal|p1a: Heatran|73/100 par|[from] Grassy Terrain\n|-heal|p1a: Heatran|80/100 par|[from] item: Leftovers\n|upkeep\n|turn|6\n|\n|t:|1791256450\n|switch|p2a: Heatran|Heatran, M|100/100\n|-damage|p2a: Heatran|88/100|[from] Stealth Rock\n|switch|p1a: Weavile|Weavile, M|34/100\n|\n|-heal|p1a: Weavile|40/100|[from] Grassy Terrain\n|-heal|p2a: Heatran|94/100|[from] Grassy Terrain\n|-heal|p2a: Heatran|100/100|[from] item: Leftovers\n|upkeep\n|turn|7\n|\n|t:|1791256456\n|move|p1a: Weavile|Low Kick|p2a: Heatran\n|-supereffective|p2a: Heatran\n|-damage|p2a: Heatran|8/100\n|move|p2a: Heatran|Magma Storm|p1a: Weavile|[miss]\n|-miss|p2a: Heatran|p1a: Weavile\n|\n|-heal|p1a: Weavile|46/100|[from] Grassy Terrain\n|-heal|p2a: Heatran|14/100|[from] Grassy Terrain\n|-heal|p2a: Heatran|21/100|[from] item: Leftovers\n|-fieldend|move: Grassy Terrain\n|upkeep\n|turn|8\n|\n|t:|1791256466\n|switch|p2a: Dragapult|Dragapult, M|100/100\n|-damage|p2a: Dragapult|88/100|[from] Stealth Rock\n|move|p1a: Weavile|Low Kick|p2a: Dragapult\n|-immune|p2a: Dragapult\n|\n|upkeep\n|turn|9\n|\n|t:|1791256470\n|switch|p1a: Heatran|Heatran, F|80/100 par\n|move|p2a: Dragapult|U-turn|p1a: Heatran\n|-resisted|p1a: Heatran\n|-damage|p1a: Heatran|76/100 par\n|-status|p2a: Dragapult|brn|[from] ability: Flame Body|[of] p1a: Heatran\n|\n|t:|1791256476\n|switch|p2a: Landorus|Landorus-Therian, M|100/100|[from] U-turn\n|-damage|p2a: Landorus|88/100|[from] Stealth Rock\n|-ability|p2a: Landorus|Intimidate|boost\n|-unboost|p1a: Heatran|atk|1\n|\n|-heal|p2a: Landorus|94/100|[from] item: Leftovers\n|-heal|p1a: Heatran|83/100 par|[from] item: Leftovers\n|upkeep\n|turn|10\n|\n|t:|1791256482\n|switch|p1a: Weavile|Weavile, M|46/100\n|move|p2a: Landorus|Stealth Rock|p1a: Weavile\n|-sidestart|p1: mashiiron|move: Stealth Rock\n|\n|-heal|p2a: Landorus|99/100|[from] item: Leftovers\n|upkeep\n|turn|11\n|\n|t:|1791256490\n|switch|p2a: Heatran|Heatran, M|21/100\n|-damage|p2a: Heatran|8/100|[from] Stealth Rock\n|move|p1a: Weavile|Knock Off|p2a: Heatran\n|-damage|p2a: Heatran|0 fnt\n|-status|p1a: Weavile|brn|[from] ability: Flame Body|[of] p2a: Heatran\n|-enditem|p2a: Heatran|Leftovers|[from] move: Knock Off|[of] p1a: Weavile\n|faint|p2a: Heatran\n|\n|-damage|p1a: Weavile|40/100 brn|[from] brn\n|upkeep\n|\n|t:|1791256502\n|switch|p2a: Rillaboom|Rillaboom, M|100/100\n|-damage|p2a: Rillaboom|88/100|[from] Stealth Rock\n|-fieldstart|move: Grassy Terrain|[from] ability: Grassy Surge|[of] p2a: Rillaboom\n|turn|12\n|\n|t:|1791256505\n|switch|p1a: Heatran|Heatran, F|83/100 par\n|-damage|p1a: Heatran|70/100 par|[from] Stealth Rock\n|move|p2a: Rillaboom|Knock Off|p1a: Heatran\n|-damage|p1a: Heatran|21/100 par\n|-enditem|p1a: Heatran|Leftovers|[from] move: Knock Off|[of] p2a: Rillaboom\n|\n|-heal|p2a: Rillaboom|94/100|[from] Grassy Terrain\n|-heal|p1a: Heatran|27/100 par|[from] Grassy Terrain\n|upkeep\n|turn|13\n|\n|t:|1791256512\n|switch|p2a: Rotom|Rotom-Wash|82/100\n|-damage|p2a: Rotom|70/100|[from] Stealth Rock\n|move|p1a: Heatran|Lava Plume|p2a: Rotom\n|-resisted|p2a: Rotom\n|-damage|p2a: Rotom|57/100\n|-status|p2a: Rotom|brn\n|\n|-heal|p2a: Rotom|64/100 brn|[from] item: Leftovers\n|-heal|p1a: Heatran|34/100 par|[from] Grassy Terrain\n|-damage|p2a: Rotom|57/100 brn|[from] brn\n|upkeep\n|turn|14\n|\n|t:|1791256518\n|switch|p1a: Landorus|Landorus-Therian, M|60/100\n|-damage|p1a: Landorus|48/100|[from] Stealth Rock\n|-ability|p1a: Landorus|Intimidate|boost\n|-unboost|p2a: Rotom|atk|1\n|move|p2a: Rotom|Volt Switch|p1a: Landorus\n|-immune|p1a: Landorus\n|\n|-heal|p2a: Rotom|64/100 brn|[from] item: Leftovers\n|-heal|p1a: Landorus|54/100|[from] item: Leftovers\n|-damage|p2a: Rotom|57/100 brn|[from] brn\n|upkeep\n|turn|15\n|\n|t:|1791256521\n|switch|p1a: Slowbro|Slowbro, F|100/100\n|-damage|p1a: Slowbro|88/100|[from] Stealth Rock\n|move|p2a: Rotom|Hydro Pump|p1a: Slowbro\n|-resisted|p1a: Slowbro\n|-damage|p1a: Slowbro|70/100\n|\n|-heal|p2a: Rotom|64/100 brn|[from] item: Leftovers\n|-heal|p1a: Slowbro|77/100|[from] Grassy Terrain\n|-damage|p2a: Rotom|57/100 brn|[from] brn\n|upkeep\n|turn|16\n|\n|t:|1791256525\n|move|p2a: Rotom|Volt Switch|p1a: Slowbro\n|-supereffective|p1a: Slowbro\n|-damage|p1a: Slowbro|28/100\n|\n|t:|1791256527\n|switch|p2a: Dragapult|Dragapult, M|88/100 brn|[from] Volt Switch\n|-damage|p2a: Dragapult|76/100 brn|[from] Stealth Rock\n|move|p1a: Slowbro|Teleport|p1a: Slowbro\n|\n|t:|1791256532\n|switch|p1a: Tapu Lele|Tapu Lele|100/100|[from] Teleport\n|-damage|p1a: Tapu Lele|88/100|[from] Stealth Rock\n|-fieldstart|move: Psychic Terrain|[from] ability: Psychic Surge|[of] p1a: Tapu Lele\n|\n|-damage|p2a: Dragapult|70/100 brn|[from] brn\n|upkeep\n|turn|17\n|\n|t:|1791256544\n|switch|p2a: Rotom|Rotom-Wash|57/100 brn\n|-damage|p2a: Rotom|45/100 brn|[from] Stealth Rock\n|move|p1a: Tapu Lele|Psyshock|p2a: Rotom\n|-damage|p2a: Rotom|0 fnt\n|faint|p2a: Rotom\n|\n|upkeep\n|\n|t:|1791256554\n|switch|p2a: Blacephalon|Blacephalon|100/100\n|-damage|p2a: Blacephalon|76/100|[from] Stealth Rock\n|turn|18\n|inactive|mashiiron has 270 seconds left.\n|\n|t:|1791256587\n|move|p2a: Blacephalon|Shadow Ball|p1a: Tapu Lele\n|-supereffective|p1a: Tapu Lele\n|-damage|p1a: Tapu Lele|5/100\n|move|p1a: Tapu Lele|Psyshock|p2a: Blacephalon\n|-damage|p2a: Blacephalon|0 fnt\n|faint|p2a: Blacephalon\n|\n|upkeep\n|\n|t:|1791256596\n|switch|p2a: Dragapult|Dragapult, M|70/100 brn\n|-damage|p2a: Dragapult|58/100 brn|[from] Stealth Rock\n|turn|19\n|\n|t:|1791256600\n|move|p2a: Dragapult|U-turn|p1a: Tapu Lele\n|-damage|p1a: Tapu Lele|0 fnt\n|faint|p1a: Tapu Lele\n|\n|t:|1791256604\n|switch|p2a: Rillaboom|Rillaboom, M|94/100|[from] U-turn\n|-damage|p2a: Rillaboom|82/100|[from] Stealth Rock\n|-fieldstart|move: Grassy Terrain|[from] ability: Grassy Surge|[of] p2a: Rillaboom\n|\n|-heal|p2a: Rillaboom|88/100|[from] Grassy Terrain\n|upkeep\n|\n|t:|1791256610\n|switch|p1a: Heatran|Heatran, F|34/100 par\n|-damage|p1a: Heatran|21/100 par|[from] Stealth Rock\n|turn|20\n|c|\u2606NinjaCaro|!showset 2\n|c|+NinjaCaro|/raw <div class=\"infobox\">Blacephalon @ Choice Specs  <br />Ability: Beast Boost  <br />EVs: 232 HP &#x2f; 4 Def &#x2f; 20 SpA &#x2f; 252 Spe  <br />Timid Nature  <br />IVs: 0 Atk  <br />- Flamethrower  <br />- Shadow Ball  <br />- Overheat  <br />- Trick  <br /><br /></div>\n|\n|t:|1791256615\n|move|p2a: Rillaboom|Knock Off|p1a: Heatran\n|-damage|p1a: Heatran|0 fnt\n|faint|p1a: Heatran\n|\n|-heal|p2a: Rillaboom|94/100|[from] Grassy Terrain\n|upkeep\n|\n|t:|1791256620\n|switch|p1a: Landorus|Landorus-Therian, M|54/100\n|-damage|p1a: Landorus|41/100|[from] Stealth Rock\n|-ability|p1a: Landorus|Intimidate|boost\n|-unboost|p2a: Rillaboom|atk|1\n|turn|21\n|\n|t:|1791256632\n|switch|p2a: Landorus|Landorus-Therian, M|99/100\n|-damage|p2a: Landorus|88/100|[from] Stealth Rock\n|-ability|p2a: Landorus|Intimidate|boost\n|-unboost|p1a: Landorus|atk|1\n|move|p1a: Landorus|U-turn|p2a: Landorus\n|-resisted|p2a: Landorus\n|-damage|p2a: Landorus|81/100\n|\n|t:|1791256635\n|switch|p1a: Weavile|Weavile, M|40/100 brn|[from] U-turn\n|-damage|p1a: Weavile|15/100 brn|[from] Stealth Rock\n|\n|-heal|p1a: Weavile|21/100 brn|[from] Grassy Terrain\n|-heal|p2a: Landorus|87/100|[from] item: Leftovers\n|-damage|p1a: Weavile|15/100 brn|[from] brn\n|upkeep\n|turn|22\n|\n|t:|1791256643\n|move|p1a: Weavile|Triple Axel|p2a: Landorus\n|-supereffective|p2a: Landorus\n|-damage|p2a: Landorus|57/100\n|-supereffective|p2a: Landorus\n|-damage|p2a: Landorus|5/100\n|-supereffective|p2a: Landorus\n|-damage|p2a: Landorus|0 fnt\n|faint|p2a: Landorus\n|-hitcount|p2: Landorus|3\n|\n|-heal|p1a: Weavile|21/100 brn|[from] Grassy Terrain\n|-damage|p1a: Weavile|15/100 brn|[from] brn\n|upkeep\n|c|\u2606mashiiron|!showset 1\n|c| mashiiron|/raw <div class=\"infobox\">Tapu Lele @ Assault Vest  <br />Ability: Psychic Surge  <br />EVs: 252 SpA &#x2f; 4 SpD &#x2f; 252 Spe  <br />Modest Nature  <br />IVs: 0 Atk  <br />- Psyshock  <br />- Moonblast  <br />- Focus Blast  <br />- Thunderbolt  <br /><br /></div>\n|\n|t:|1791256647\n|switch|p2a: Rillaboom|Rillaboom, M|94/100\n|-damage|p2a: Rillaboom|82/100|[from] Stealth Rock\n|turn|23\n|\n|t:|1791256658\n|switch|p1a: Slowbro|Slowbro, F|61/100\n|-damage|p1a: Slowbro|49/100|[from] Stealth Rock\n|move|p2a: Rillaboom|Grassy Glide|p1a: Slowbro\n|-supereffective|p1a: Slowbro\n|-damage|p1a: Slowbro|0 fnt\n|faint|p1a: Slowbro\n|\n|-heal|p2a: Rillaboom|88/100|[from] Grassy Terrain\n|-fieldend|move: Grassy Terrain\n|upkeep\n|\n|t:|1791256666\n|switch|p1a: Weavile|Weavile, M|15/100 brn\n|-damage|p1a: Weavile|0 fnt|[from] Stealth Rock\n|faint|p1a: Weavile\n|\n|t:|1791256670\n|switch|p1a: Landorus|Landorus-Therian, M|41/100\n|-damage|p1a: Landorus|29/100|[from] Stealth Rock\n|-ability|p1a: Landorus|Intimidate|boost\n|-unboost|p2a: Rillaboom|atk|1\n|turn|24\n|\n|t:|1791256681\n|move|p2a: Rillaboom|Grassy Glide|p1a: Landorus\n|-damage|p1a: Landorus|0 fnt\n|faint|p1a: Landorus\n|\n|upkeep\n|\n|t:|1791256685\n|switch|p1a: Urshifu|Urshifu-Rapid-Strike, F|100/100\n|-damage|p1a: Urshifu|94/100|[from] Stealth Rock\n|turn|25\n|\n|t:|1791256687\n|switch|p2a: Dragapult|Dragapult, M|58/100 brn\n|-damage|p2a: Dragapult|45/100 brn|[from] Stealth Rock\n|move|p1a: Urshifu|Ice Punch|p2a: Dragapult\n|-supereffective|p2a: Dragapult\n|-damage|p2a: Dragapult|0 fnt\n|faint|p2a: Dragapult\n|\n|upkeep\n|\n|t:|1791256690\n|switch|p2a: Rillaboom|Rillaboom, M|88/100\n|-damage|p2a: Rillaboom|75/100|[from] Stealth Rock\n|-fieldstart|move: Grassy Terrain|[from] ability: Grassy Surge|[of] p2a: Rillaboom\n|turn|26\n|\n|t:|1791256692\n|move|p2a: Rillaboom|Grassy Glide|p1a: Urshifu\n|-supereffective|p1a: Urshifu\n|-damage|p1a: Urshifu|0 fnt\n|faint|p1a: Urshifu\n|\n|win|NinjaCaro\n", "uploadtime": 1791256692, "views": "3", "formatid": "gen8ou", "rating": null, "private": 0, "password": null}