{"id": "smogtours-gen8ou-975226", "format": "[Gen 8] OU", "players": ["Ruffles", "Funday Gaming"], "log": "|inactive|Battle timer is ON: inactive players will automatically lose when time's up.\n|t:|1790542932\n|gametype|singles\n|player|p1|Ruffles|#ruclimagicchampions|\n|player|p2|Funday Gaming|clerk|\n|gen|8\n|tier|[Gen 8] OU\n|rule|HP Percentage Mod: HP is shown in percentages\n|rule|Endless Battle Clause: Forcing endless battles is banned\n|rule|Sleep Clause Mod: Limit one foe put to sleep\n|rule|Species Clause: Limit one of each Pok\u00e9mon\n|rule|OHKO Clause: OHKO moves are banned\n|rule|Evasion Items Clause: Evasion items are banned\n|rule|Evasion Moves Clause: Evasion moves are banned\n|rule|Dynamax Clause: You cannot dynamax\n|clearpoke\n|poke|p1|Tapu Koko|\n|poke|p1|Heatran, M|\n|poke|p1|Clefable, F|\n|poke|p1|Slowking-Galar, M|\n|poke|p1|Gastrodon, M|\n|poke|p1|Skarmory, M|\n|poke|p2|Clefable, M|\n|poke|p2|Rillaboom, F|\n|poke|p2|Suicune|\n|poke|p2|Heatran, M|\n|poke|p2|Tornadus-Therian, M|\n|poke|p2|Garchomp, F|\n|teampreview\n|c|\u2606Funday Gaming|glhf!\n|c|\u2606Ruffles|likewise!\n|inactive|Ruffles has 270 seconds left.\n|inactive|Funday Gaming has 270 seconds left.\n|inactive|Ruffles has 240 seconds left.\n|inactive|Funday Gaming has 240 seconds left.\n|inactive|Ruffles has 210 seconds left.\n|inactive|Funday Gaming has 210 seconds left.\n|inactive|Ruffles has 180 seconds left.\n|inactive|Ruffles has 150 seconds left.\n|inactive|Ruffles has 120 seconds left.\n|\n|t:|1790543122\n|teamsize|p1|6\n|teamsize|p2|6\n|start\n|switch|p1a: Clefable|Clefable, F|100/100\n|switch|p2a: Garchomp|Garchomp, F|100/100\n|turn|1\n|inactive|Ruffles has 180 seconds left.\n|inactive|Funday Gaming has 240 seconds left.\n|\n|t:|1790543152\n|switch|p2a: Clefable|Clefable, M|100/100\n|move|p1a: Clefable|Moonblast|p2a: Clefable\n|-damage|p2a: Clefable|73/100\n|-unboost|p2a: Clefable|spa|1\n|\n|upkeep\n|turn|2\n|inactive|Ruffles has 180 seconds left.\n|\n|t:|1790543172\n|switch|p1a: Tapu Koko|Tapu Koko|100/100\n|-fieldstart|move: Electric Terrain|[from] ability: Electric Surge|[of] p1a: Tapu Koko\n|move|p2a: Clefable|Thunder Wave|p1a: Tapu Koko\n|-immune|p1a: Tapu Koko\n|\n|upkeep\n|turn|3\n|\n|t:|1790543182\n|move|p1a: Tapu Koko|Toxic|p2a: Clefable\n|-status|p2a: Clefable|tox\n|move|p2a: Clefable|Soft-Boiled|p2a: Clefable\n|-heal|p2a: Clefable|100/100 tox\n|\n|upkeep\n|turn|4\n|inactive|Funday Gaming has 240 seconds left.\n|\n|t:|1790543202\n|move|p1a: Tapu Koko|Dazzling Gleam|p2a: Clefable\n|-damage|p2a: Clefable|70/100 tox\n|move|p2a: Clefable|Moonblast|p1a: Tapu Koko\n|-damage|p1a: Tapu Koko|68/100\n|-unboost|p1a: Tapu Koko|spa|1\n|\n|upkeep\n|turn|5\n|inactive|Funday Gaming has 240 seconds left.\n|\n|t:|1790543222\n|move|p1a: Tapu Koko|Roost|p1a: Tapu Koko\n|-heal|p1a: Tapu Koko|100/100\n|-singleturn|p1a: Tapu Koko|move: Roost\n|move|p2a: Clefable|Thunder Wave|p1a: Tapu Koko\n|-immune|p1a: Tapu Koko\n|\n|upkeep\n|turn|6\n|\n|t:|1790543225\n|move|p1a: Tapu Koko|Volt Switch|p2a: Clefable\n|-damage|p2a: Clefable|45/100 tox\n|\n|t:|1790543231\n|switch|p1a: Slowking|Slowking-Galar, M|100/100|[from] Volt Switch\n|move|p2a: Clefable|Soft-Boiled|p2a: Clefable\n|-heal|p2a: Clefable|95/100 tox\n|\n|-fieldend|move: Electric Terrain\n|upkeep\n|turn|7\n|inactive|Ruffles has 180 seconds left.\n|\n|t:|1790543246\n|switch|p2a: Garchomp|Garchomp, F|100/100\n|switch|p1a: Gastrodon|Gastrodon, M|100/100\n|\n|upkeep\n|turn|8\n|inactive|Ruffles has 180 seconds left.\n|\n|t:|1790543251\n|move|p2a: Garchomp|Toxic|p1a: Gastrodon\n|-status|p1a: Gastrodon|tox\n|move|p1a: Gastrodon|Toxic|p2a: Garchomp\n|-status|p2a: Garchomp|tox\n|\n|-damage|p2a: Garchomp|94/100 tox|[from] psn\n|-damage|p1a: Gastrodon|94/100 tox|[from] psn\n|upkeep\n|turn|9\n|\n|t:|1790543256\n|switch|p1a: Skarmory|Skarmory, M|100/100\n|move|p2a: Garchomp|Stealth Rock|p1a: Skarmory\n|-sidestart|p1: Ruffles|move: Stealth Rock\n|\n|-damage|p2a: Garchomp|82/100 tox|[from] psn\n|upkeep\n|turn|10\n|\n|t:|1790543261\n|switch|p2a: Heatran|Heatran, M|100/100\n|move|p1a: Skarmory|Spikes|p2a: Heatran\n|-sidestart|p2: Funday Gaming|Spikes\n|\n|upkeep\n|turn|11\n|\n|t:|1790543275\n|switch|p1a: Gastrodon|Gastrodon, M|94/100 tox\n|-damage|p1a: Gastrodon|88/100 tox|[from] Stealth Rock\n|move|p2a: Heatran|Earth Power|p1a: Gastrodon\n|-damage|p1a: Gastrodon|70/100 tox\n|\n|-heal|p1a: Gastrodon|77/100 tox|[from] item: Leftovers\n|-damage|p1a: Gastrodon|70/100 tox|[from] psn\n|upkeep\n|turn|12\n|\n|t:|1790543303\n|switch|p2a: Tornadus|Tornadus-Therian, M|100/100\n|move|p1a: Gastrodon|Recover|p1a: Gastrodon\n|-heal|p1a: Gastrodon|100/100 tox\n|\n|-damage|p1a: Gastrodon|88/100 tox|[from] psn\n|upkeep\n|turn|13\n|\n|t:|1790543313\n|switch|p1a: Skarmory|Skarmory, M|100/100\n|-damage|p1a: Skarmory|88/100|[from] Stealth Rock\n|move|p2a: Tornadus|Knock Off|p1a: Skarmory\n|-damage|p1a: Skarmory|77/100\n|-damage|p2a: Tornadus|84/100|[from] item: Rocky Helmet|[of] p1a: Skarmory\n|-enditem|p1a: Skarmory|Rocky Helmet|[from] move: Knock Off|[of] p2a: Tornadus\n|\n|upkeep\n|turn|14\n|\n|t:|1790543320\n|move|p2a: Tornadus|U-turn|p1a: Skarmory\n|-resisted|p1a: Skarmory\n|-damage|p1a: Skarmory|75/100\n|\n|t:|1790543321\n|switch|p2a: Heatran|Heatran, M|100/100|[from] U-turn\n|-damage|p2a: Heatran|88/100|[from] Spikes\n|move|p1a: Skarmory|Spikes|p2a: Heatran\n|-sidestart|p2: Funday Gaming|Spikes\n|\n|-heal|p2a: Heatran|94/100|[from] item: Leftovers\n|upkeep\n|turn|15\n|\n|t:|1790543329\n|switch|p1a: Gastrodon|Gastrodon, M|88/100 tox\n|-damage|p1a: Gastrodon|82/100 tox|[from] Stealth Rock\n|move|p2a: Heatran|Magma Storm|p1a: Gastrodon|[miss]\n|-miss|p2a: Heatran|p1a: Gastrodon\n|\n|-heal|p2a: Heatran|100/100|[from] item: Leftovers\n|-heal|p1a: Gastrodon|88/100 tox|[from] item: Leftovers\n|-damage|p1a: Gastrodon|82/100 tox|[from] psn\n|upkeep\n|turn|16\n|inactive|Ruffles has 210 seconds left.\n|\n|t:|1790543340\n|switch|p2a: Tornadus|Tornadus-Therian, M|100/100\n|move|p1a: Gastrodon|Scald|p2a: Tornadus\n|-damage|p2a: Tornadus|73/100\n|\n|-heal|p1a: Gastrodon|88/100 tox|[from] item: Leftovers\n|-damage|p1a: Gastrodon|76/100 tox|[from] psn\n|upkeep\n|turn|17\n|inactive|Ruffles has 210 seconds left.\n|\n|t:|1790543354\n|switch|p1a: Clefable|Clefable, F|100/100\n|move|p2a: Tornadus|Knock Off|p1a: Clefable\n|-resisted|p1a: Clefable\n|-damage|p1a: Clefable|92/100\n|-enditem|p1a: Clefable|Leftovers|[from] move: Knock Off|[of] p2a: Tornadus\n|\n|upkeep\n|turn|18\n|\n|t:|1790543365\n|move|p2a: Tornadus|U-turn|p1a: Clefable\n|-resisted|p1a: Clefable\n|-damage|p1a: Clefable|87/100\n|\n|t:|1790543367\n|switch|p2a: Clefable|Clefable, M|95/100 tox|[from] U-turn\n|move|p1a: Clefable|Calm Mind|p1a: Clefable\n|-boost|p1a: Clefable|spa|1\n|-boost|p1a: Clefable|spd|1\n|\n|upkeep\n|turn|19\n|\n|t:|1790543373\n|move|p1a: Clefable|Calm Mind|p1a: Clefable\n|-boost|p1a: Clefable|spa|1\n|-boost|p1a: Clefable|spd|1\n|move|p2a: Clefable|Thunder Wave|p1a: Clefable\n|-status|p1a: Clefable|par\n|\n|upkeep\n|turn|20\n|inactive|Funday Gaming has 270 seconds left.\n|\n|t:|1790543409\n|switch|p2a: Rillaboom|Rillaboom, F|100/100\n|-damage|p2a: Rillaboom|84/100|[from] Spikes\n|-fieldstart|move: Grassy Terrain|[from] ability: Grassy Surge|[of] p2a: Rillaboom\n|move|p1a: Clefable|Moonblast|p2a: Rillaboom\n|-damage|p2a: Rillaboom|7/100\n|-unboost|p2a: Rillaboom|spa|1\n|\n|-heal|p2a: Rillaboom|13/100|[from] Grassy Terrain\n|-heal|p2a: Rillaboom|19/100|[from] item: Leftovers\n|-heal|p1a: Clefable|93/100 par|[from] Grassy Terrain\n|upkeep\n|turn|21\n|inactive|Ruffles has 240 seconds left.\n|inactive|Funday Gaming has 270 seconds left.\n|\n|t:|1790543422\n|move|p2a: Rillaboom|Grassy Glide|p1a: Clefable\n|-damage|p1a: Clefable|53/100 par\n|cant|p1a: Clefable|par\n|\n|-heal|p2a: Rillaboom|25/100|[from] Grassy Terrain\n|-heal|p2a: Rillaboom|32/100|[from] item: Leftovers\n|-heal|p1a: Clefable|59/100 par|[from] Grassy Terrain\n|upkeep\n|turn|22\n|inactive|Funday Gaming has 270 seconds left.\n|inactive|Ruffles has 240 seconds left.\n|\n|t:|1790543436\n|move|p2a: Rillaboom|Grassy Glide|p1a: Clefable\n|-damage|p1a: Clefable|23/100 par\n|move|p1a: Clefable|Soft-Boiled|p1a: Clefable\n|-heal|p1a: Clefable|73/100 par\n|\n|-heal|p2a: Rillaboom|38/100|[from] Grassy Terrain\n|-heal|p2a: Rillaboom|44/100|[from] item: Leftovers\n|-heal|p1a: Clefable|79/100 par|[from] Grassy Terrain\n|upkeep\n|turn|23\n|\n|t:|1790543438\n|move|p2a: Rillaboom|Swords Dance|p2a: Rillaboom\n|-boost|p2a: Rillaboom|atk|2\n|cant|p1a: Clefable|par\n|\n|-heal|p2a: Rillaboom|50/100|[from] Grassy Terrain\n|-heal|p2a: Rillaboom|57/100|[from] item: Leftovers\n|-heal|p1a: Clefable|85/100 par|[from] Grassy Terrain\n|upkeep\n|turn|24\n|\n|t:|1790543442\n|switch|p1a: Skarmory|Skarmory, M|75/100\n|-damage|p1a: Skarmory|63/100|[from] Stealth Rock\n|move|p2a: Rillaboom|Grassy Glide|p1a: Skarmory\n|-resisted|p1a: Skarmory\n|-crit|p1a: Skarmory\n|-damage|p1a: Skarmory|40/100\n|\n|-heal|p2a: Rillaboom|63/100|[from] Grassy Terrain\n|-heal|p2a: Rillaboom|69/100|[from] item: Leftovers\n|-fieldend|move: Grassy Terrain\n|upkeep\n|turn|25\n|\n|t:|1790543446\n|move|p2a: Rillaboom|Superpower|p1a: Skarmory\n|-damage|p1a: Skarmory|0 fnt\n|-unboost|p2a: Rillaboom|atk|1\n|-unboost|p2a: Rillaboom|def|1\n|faint|p1a: Skarmory\n|\n|-heal|p2a: Rillaboom|75/100|[from] item: Leftovers\n|upkeep\n|inactive|Ruffles has 270 seconds left.\n|\n|t:|1790543464\n|switch|p1a: Heatran|Heatran, M|100/100\n|-damage|p1a: Heatran|88/100|[from] Stealth Rock\n|turn|26\n|\n|t:|1790543471\n|switch|p2a: Garchomp|Garchomp, F|82/100 tox\n|-damage|p2a: Garchomp|65/100 tox|[from] Spikes\n|switch|p1a: Slowking|Slowking-Galar, M|100/100\n|-damage|p1a: Slowking|88/100|[from] Stealth Rock\n|\n|-heal|p1a: Slowking|94/100|[from] item: Black Sludge\n|-damage|p2a: Garchomp|59/100 tox|[from] psn\n|upkeep\n|turn|27\n|inactive|Ruffles has 270 seconds left.\n|\n|t:|1790543490\n|switch|p1a: Clefable|Clefable, F|85/100 par\n|move|p2a: Garchomp|Earthquake|p1a: Clefable\n|-damage|p1a: Clefable|52/100 par\n|\n|-damage|p2a: Garchomp|47/100 tox|[from] psn\n|upkeep\n|turn|28\n|inactive|Ruffles has 270 seconds left.\n|inactive|Funday Gaming has 270 seconds left.\n|\n|t:|1790543545\n|switch|p2a: Heatran|Heatran, M|100/100\n|-damage|p2a: Heatran|84/100|[from] Spikes\n|move|p1a: Clefable|Soft-Boiled|p1a: Clefable\n|-heal|p1a: Clefable|100/100 par\n|\n|-heal|p2a: Heatran|90/100|[from] item: Leftovers\n|upkeep\n|turn|29\n|\n|t:|1790543560\n|switch|p2a: Tornadus|Tornadus-Therian, M|100/100\n|switch|p1a: Gastrodon|Gastrodon, M|76/100 tox\n|-damage|p1a: Gastrodon|70/100 tox|[from] Stealth Rock\n|\n|-heal|p1a: Gastrodon|76/100 tox|[from] item: Leftovers\n|-damage|p1a: Gastrodon|70/100 tox|[from] psn\n|upkeep\n|turn|30\n|\n|t:|1790543570\n|switch|p1a: Heatran|Heatran, M|88/100\n|-damage|p1a: Heatran|76/100|[from] Stealth Rock\n|move|p2a: Tornadus|Defog|p1a: Heatran\n|-unboost|p1a: Heatran|evasion|1\n|-sideend|p1: Ruffles|Stealth Rock|[from] move: Defog|[of] p2a: Tornadus\n|-sideend|p2: Funday Gaming|Spikes|[from] move: Defog|[of] p2a: Tornadus\n|\n|-heal|p1a: Heatran|82/100|[from] item: Leftovers\n|upkeep\n|turn|31\n|\n|t:|1790543575\n|move|p2a: Tornadus|Knock Off|p1a: Heatran\n|-damage|p1a: Heatran|64/100\n|-enditem|p1a: Heatran|Leftovers|[from] move: Knock Off|[of] p2a: Tornadus\n|move|p1a: Heatran|Stealth Rock|p2a: Tornadus\n|-sidestart|p2: Funday Gaming|move: Stealth Rock\n|\n|upkeep\n|turn|32\n|\n|t:|1790543580\n|move|p2a: Tornadus|U-turn|p1a: Heatran\n|-resisted|p1a: Heatran\n|-damage|p1a: Heatran|62/100\n|-status|p2a: Tornadus|brn|[from] ability: Flame Body|[of] p1a: Heatran\n|\n|t:|1790543583\n|switch|p2a: Garchomp|Garchomp, F|47/100 tox|[from] U-turn\n|-damage|p2a: Garchomp|40/100 tox|[from] Stealth Rock\n|move|p1a: Heatran|Magma Storm|p2a: Garchomp\n|-resisted|p2a: Garchomp\n|-damage|p2a: Garchomp|23/100 tox\n|-activate|p2a: Garchomp|move: Magma Storm|[of] p1a: Heatran\n|\n|-damage|p2a: Garchomp|17/100 tox|[from] psn\n|-damage|p2a: Garchomp|4/100 tox|[from] move: Magma Storm|[partiallytrapped]\n|upkeep\n|turn|33\n|\n|t:|1790543589\n|move|p2a: Garchomp|Rest|p2a: Garchomp\n|-status|p2a: Garchomp|slp|[from] move: Rest\n|-heal|p2a: Garchomp|100/100 slp|[silent]\n|move|p1a: Heatran|Magma Storm|p2a: Garchomp|[miss]\n|-miss|p1a: Heatran|p2a: Garchomp\n|\n|-damage|p2a: Garchomp|88/100 slp|[from] move: Magma Storm|[partiallytrapped]\n|upkeep\n|turn|34\n|\n|t:|1790543596\n|cant|p2a: Garchomp|slp\n|move|p1a: Heatran|Magma Storm|p2a: Garchomp|[miss]\n|-miss|p1a: Heatran|p2a: Garchomp\n|\n|-damage|p2a: Garchomp|76/100 slp|[from] move: Magma Storm|[partiallytrapped]\n|upkeep\n|turn|35\n|\n|t:|1790543599\n|cant|p2a: Garchomp|slp\n|move|p1a: Heatran|Magma Storm|p2a: Garchomp\n|-resisted|p2a: Garchomp\n|-damage|p2a: Garchomp|58/100 slp\n|\n|-damage|p2a: Garchomp|46/100 slp|[from] move: Magma Storm|[partiallytrapped]\n|upkeep\n|turn|36\n|\n|t:|1790543613\n|switch|p1a: Clefable|Clefable, F|100/100 par\n|-curestatus|p2a: Garchomp|slp|[msg]\n|move|p2a: Garchomp|Stealth Rock|p1a: Clefable\n|-sidestart|p1: Ruffles|move: Stealth Rock\n|\n|-end|p2a: Garchomp|Magma Storm|[partiallytrapped]|[silent]\n|upkeep\n|turn|37\n|\n|t:|1790543630\n|switch|p2a: Heatran|Heatran, M|90/100\n|-damage|p2a: Heatran|78/100|[from] Stealth Rock\n|move|p1a: Clefable|Calm Mind|p1a: Clefable\n|-boost|p1a: Clefable|spa|1\n|-boost|p1a: Clefable|spd|1\n|\n|-heal|p2a: Heatran|84/100|[from] item: Leftovers\n|upkeep\n|turn|38\n|\n|t:|1790543633\n|move|p2a: Heatran|Taunt|p1a: Clefable\n|-start|p1a: Clefable|move: Taunt\n|move|p1a: Clefable|Moonblast|p2a: Heatran\n|-resisted|p2a: Heatran\n|-damage|p2a: Heatran|76/100\n|\n|-heal|p2a: Heatran|82/100|[from] item: Leftovers\n|upkeep\n|turn|39\n|\n|t:|1790543645\n|move|p2a: Heatran|Magma Storm|p1a: Clefable\n|-damage|p1a: Clefable|73/100 par\n|-activate|p1a: Clefable|move: Magma Storm|[of] p2a: Heatran\n|move|p1a: Clefable|Moonblast|p2a: Heatran\n|-resisted|p2a: Heatran\n|-damage|p2a: Heatran|75/100\n|\n|-heal|p2a: Heatran|81/100|[from] item: Leftovers\n|upkeep\n|turn|40\n|\n|t:|1790543650\n|move|p2a: Heatran|Earth Power|p1a: Clefable\n|-damage|p1a: Clefable|57/100 par\n|move|p1a: Clefable|Moonblast|p2a: Heatran\n|-resisted|p2a: Heatran\n|-damage|p2a: Heatran|74/100\n|-unboost|p2a: Heatran|spa|1\n|\n|-heal|p2a: Heatran|80/100|[from] item: Leftovers\n|-end|p1a: Clefable|move: Taunt\n|upkeep\n|turn|41\n|\n|t:|1790543654\n|move|p2a: Heatran|Taunt|p1a: Clefable\n|-start|p1a: Clefable|move: Taunt\n|move|p1a: Clefable|Moonblast|p2a: Heatran\n|-resisted|p2a: Heatran\n|-damage|p2a: Heatran|72/100\n|\n|-heal|p2a: Heatran|78/100|[from] item: Leftovers\n|upkeep\n|turn|42\n|\n|t:|1790543670\n|move|p2a: Heatran|Earth Power|p1a: Clefable\n|-damage|p1a: Clefable|46/100 par\n|move|p1a: Clefable|Moonblast|p2a: Heatran\n|-resisted|p2a: Heatran\n|-damage|p2a: Heatran|71/100\n|\n|-heal|p2a: Heatran|77/100|[from] item: Leftovers\n|upkeep\n|turn|43\n|\n|t:|1790543675\n|move|p2a: Heatran|Earth Power|p1a: Clefable\n|-damage|p1a: Clefable|34/100 par\n|move|p1a: Clefable|Moonblast|p2a: Heatran\n|-resisted|p2a: Heatran\n|-damage|p2a: Heatran|70/100\n|-unboost|p2a: Heatran|spa|1\n|\n|-heal|p2a: Heatran|77/100|[from] item: Leftovers\n|-end|p1a: Clefable|move: Taunt\n|upkeep\n|turn|44\n|\n|t:|1790543683\n|move|p2a: Heatran|Taunt|p1a: Clefable\n|-start|p1a: Clefable|move: Taunt\n|move|p1a: Clefable|Moonblast|p2a: Heatran\n|-resisted|p2a: Heatran\n|-damage|p2a: Heatran|70/100\n|\n|-heal|p2a: Heatran|76/100|[from] item: Leftovers\n|-end|p1a: Clefable|Magma Storm|[partiallytrapped]\n|upkeep\n|turn|45\n|\n|t:|1790543690\n|switch|p1a: Slowking|Slowking-Galar, M|100/100\n|-damage|p1a: Slowking|88/100|[from] Stealth Rock\n|move|p2a: Heatran|Earth Power|p1a: Slowking\n|-supereffective|p1a: Slowking\n|-damage|p1a: Slowking|68/100\n|\n|-heal|p2a: Heatran|82/100|[from] item: Leftovers\n|-heal|p1a: Slowking|74/100|[from] item: Black Sludge\n|upkeep\n|turn|46\n|\n|t:|1790543709\n|switch|p2a: Garchomp|Garchomp, F|46/100\n|-damage|p2a: Garchomp|39/100|[from] Stealth Rock\n|move|p1a: Slowking|Scald|p2a: Garchomp\n|-damage|p2a: Garchomp|22/100\n|-status|p2a: Garchomp|brn\n|\n|-heal|p1a: Slowking|80/100|[from] item: Black Sludge\n|-damage|p2a: Garchomp|16/100 brn|[from] brn\n|upkeep\n|turn|47\n|\n|t:|1790543712\n|move|p2a: Garchomp|Rest|p2a: Garchomp\n|-status|p2a: Garchomp|slp|[from] move: Rest\n|-heal|p2a: Garchomp|100/100 slp|[silent]\n|move|p1a: Slowking|Nasty Plot|p1a: Slowking\n|-boost|p1a: Slowking|spa|2\n|\n|-heal|p1a: Slowking|87/100|[from] item: Black Sludge\n|upkeep\n|turn|48\n|\n|t:|1790543722\n|switch|p2a: Clefable|Clefable, M|95/100 tox\n|move|p1a: Slowking|Scald|p2a: Clefable\n|-damage|p2a: Clefable|58/100 tox\n|\n|-heal|p1a: Slowking|93/100|[from] item: Black Sludge\n|upkeep\n|turn|49\n|\n|t:|1790543729\n|move|p2a: Clefable|Aromatherapy|p2a: Clefable\n|-activate|p2a: Clefable|move: Aromatherapy\n|-curestatus|p2a: Clefable|tox|[msg]\n|-curestatus|p2: Garchomp|slp|[msg]\n|-curestatus|p2: Tornadus|brn|[msg]\n|move|p1a: Slowking|Nasty Plot|p1a: Slowking\n|-boost|p1a: Slowking|spa|2\n|\n|-heal|p1a: Slowking|99/100|[from] item: Black Sludge\n|upkeep\n|turn|50\n|\n|t:|1790543738\n|move|p2a: Clefable|Thunder Wave|p1a: Slowking\n|-status|p1a: Slowking|par\n|move|p1a: Slowking|Sludge Bomb|p2a: Clefable\n|-supereffective|p2a: Clefable\n|-damage|p2a: Clefable|0 fnt\n|faint|p2a: Clefable\n|\n|-heal|p1a: Slowking|100/100 par|[from] item: Black Sludge\n|upkeep\n|\n|t:|1790543752\n|switch|p2a: Garchomp|Garchomp, F|100/100\n|-damage|p2a: Garchomp|94/100|[from] Stealth Rock\n|turn|51\n|\n|t:|1790543768\n|move|p2a: Garchomp|Earthquake|p1a: Slowking\n|-supereffective|p1a: Slowking\n|-damage|p1a: Slowking|27/100 par\n|cant|p1a: Slowking|par\n|\n|-heal|p1a: Slowking|33/100 par|[from] item: Black Sludge\n|upkeep\n|turn|52\n|c|\u2606Ruffles|man\n|\n|t:|1790543779\n|switch|p1a: Gastrodon|Gastrodon, M|70/100 tox\n|-damage|p1a: Gastrodon|64/100 tox|[from] Stealth Rock\n|move|p2a: Garchomp|Earthquake|p1a: Gastrodon\n|-damage|p1a: Gastrodon|19/100 tox\n|\n|-heal|p1a: Gastrodon|25/100 tox|[from] item: Leftovers\n|-damage|p1a: Gastrodon|19/100 tox|[from] psn\n|upkeep\n|turn|53\n|c|\u2606Funday Gaming|mb\n|\n|t:|1790543787\n|move|p2a: Garchomp|Earthquake|p1a: Gastrodon\n|-damage|p1a: Gastrodon|0 fnt\n|faint|p1a: Gastrodon\n|\n|upkeep\n|\n|t:|1790543788\n|switch|p1a: Tapu Koko|Tapu Koko|100/100\n|-fieldstart|move: Electric Terrain|[from] ability: Electric Surge|[of] p1a: Tapu Koko\n|turn|54\n|\n|t:|1790543797\n|move|p1a: Tapu Koko|Dazzling Gleam|p2a: Garchomp\n|-supereffective|p2a: Garchomp\n|-damage|p2a: Garchomp|42/100\n|move|p2a: Garchomp|Earthquake|p1a: Tapu Koko\n|-supereffective|p1a: Tapu Koko\n|-damage|p1a: Tapu Koko|0 fnt\n|faint|p1a: Tapu Koko\n|\n|upkeep\n|\n|t:|1790543800\n|switch|p1a: Clefable|Clefable, F|34/100 par\n|turn|55\n|\n|t:|1790543815\n|switch|p2a: Heatran|Heatran, M|82/100\n|-damage|p2a: Heatran|70/100|[from] Stealth Rock\n|move|p1a: Clefable|Soft-Boiled|p1a: Clefable\n|-heal|p1a: Clefable|84/100 par\n|\n|-heal|p2a: Heatran|76/100|[from] item: Leftovers\n|upkeep\n|turn|56\n|\n|t:|1790543823\n|move|p2a: Heatran|Taunt|p1a: Clefable\n|-start|p1a: Clefable|move: Taunt\n|cant|p1a: Clefable|move: Taunt|Calm Mind\n|\n|-heal|p2a: Heatran|82/100|[from] item: Leftovers\n|upkeep\n|turn|57\n|\n|t:|1790543827\n|switch|p1a: Heatran|Heatran, M|62/100\n|-damage|p1a: Heatran|49/100|[from] Stealth Rock\n|move|p2a: Heatran|Earth Power|p1a: Heatran\n|-supereffective|p1a: Heatran\n|-damage|p1a: Heatran|0 fnt\n|faint|p1a: Heatran\n|\n|-heal|p2a: Heatran|89/100|[from] item: Leftovers\n|upkeep\n|\n|t:|1790543831\n|switch|p1a: Slowking|Slowking-Galar, M|67/100 par\n|-damage|p1a: Slowking|54/100 par|[from] Stealth Rock\n|turn|58\n|\n|t:|1790543833\n|switch|p1a: Clefable|Clefable, F|84/100 par\n|move|p2a: Heatran|Earth Power|p1a: Clefable\n|-damage|p1a: Clefable|60/100 par\n|\n|-heal|p2a: Heatran|95/100|[from] item: Leftovers\n|-fieldend|move: Electric Terrain\n|upkeep\n|turn|59\n|-message|Ruffles forfeited.\n|\n|win|Funday Gaming\n|c|\u2606Ruffles|gg\n|player|p1|\n|c|\u2606Funday Gaming|ggwp\n|player|p2|\n|player|p1|Ruffles|#ruclimagicchampions|\n", "uploadtime": 1790543840, "views": "99", "formatid": "gen8ou", "rating": null, "private": 0, "password": null}