{"id": "smogtours-gen8ou-974770", "format": "[Gen 8] OU", "players": ["Finchely", "Drachenkeule"], "log": "|inactive|Battle timer is ON: inactive players will automatically lose when time's up.\n|t:|1790493337\n|gametype|singles\n|player|p1|Finchely|#finchely|\n|player|p2|Drachenkeule|#splxviiscooters|\n|gen|8\n|tier|[Gen 8] OU\n|rule|HP Percentage Mod: HP is shown in percentages\n|rule|Endless Battle Clause: Forcing endless battles is banned\n|rule|Sleep Clause Mod: Limit one foe put to sleep\n|rule|Species Clause: Limit one of each Pok\u00e9mon\n|rule|OHKO Clause: OHKO moves are banned\n|rule|Evasion Items Clause: Evasion items are banned\n|rule|Evasion Moves Clause: Evasion moves are banned\n|rule|Dynamax Clause: You cannot dynamax\n|clearpoke\n|poke|p1|Urshifu-*, F|\n|poke|p1|Dragapult, F|\n|poke|p1|Tapu Lele|\n|poke|p1|Landorus-Therian, M|\n|poke|p1|Tornadus-Therian, M|\n|poke|p1|Ferrothorn, F|\n|poke|p2|Pelipper, M|\n|poke|p2|Ferrothorn, F|\n|poke|p2|Zapdos|\n|poke|p2|Barraskewda, M|\n|poke|p2|Garchomp, M|\n|poke|p2|Tapu Lele|\n|teampreview\n|c|\u2606Finchely|glhf\n|c|\u2606Drachenkeule|Hf\n|inactive|Finchely has 270 seconds left.\n|c|+fishyroads|Da finki!!!!\n|inactive|Drachenkeule has 270 seconds left.\n|inactive|Finchely has 240 seconds left.\n|\n|t:|1790493411\n|teamsize|p1|6\n|teamsize|p2|6\n|start\n|switch|p1a: Dragapult|Dragapult, F, shiny|100/100\n|switch|p2a: Pelipper|Pelipper, M|100/100\n|-weather|RainDance|[from] ability: Drizzle|[of] p2a: Pelipper\n|turn|1\n|\n|t:|1790493429\n|switch|p2a: Ferrothorn|Ferrothorn, F|100/100\n|move|p1a: Dragapult|Shadow Ball|p2a: Ferrothorn\n|-damage|p2a: Ferrothorn|62/100\n|-enditem|p2a: Ferrothorn|Eject Button\n|inactive|Drachenkeule has 270 seconds left.\n|\n|t:|1790493462\n|switch|p2a: Barraskewda|Barraskewda, M|100/100\n|\n|-weather|RainDance|[upkeep]\n|upkeep\n|turn|2\n|inactive|Drachenkeule has 270 seconds left.\n|\n|t:|1790493483\n|switch|p1a: Ferrothorn|Ferrothorn, F, shiny|100/100\n|move|p2a: Barraskewda|Crunch|p1a: Ferrothorn\n|-damage|p1a: Ferrothorn|73/100\n|-damage|p2a: Barraskewda|88/100|[from] ability: Iron Barbs|[of] p1a: Ferrothorn\n|-damage|p2a: Barraskewda|72/100|[from] item: Rocky Helmet|[of] p1a: Ferrothorn\n|\n|-weather|RainDance|[upkeep]\n|upkeep\n|turn|3\n|\n|t:|1790493496\n|switch|p2a: Zapdos|Zapdos|100/100\n|move|p1a: Ferrothorn|Stealth Rock|p2a: Zapdos\n|-sidestart|p2: Drachenkeule|move: Stealth Rock\n|\n|-weather|RainDance|[upkeep]\n|upkeep\n|turn|4\n|\n|t:|1790493507\n|switch|p1a: Dragapult|Dragapult, F, shiny|100/100\n|move|p2a: Zapdos|Hurricane|p1a: Dragapult\n|-damage|p1a: Dragapult|25/100\n|-start|p1a: Dragapult|confusion\n|\n|-weather|RainDance|[upkeep]\n|upkeep\n|turn|5\n|inactive|Finchely has 270 seconds left.\n|\n|t:|1790493538\n|switch|p2a: Ferrothorn|Ferrothorn, F|62/100\n|-damage|p2a: Ferrothorn|56/100|[from] Stealth Rock\n|-activate|p1a: Dragapult|confusion\n|move|p1a: Dragapult|Shadow Ball|p2a: Ferrothorn\n|-damage|p2a: Ferrothorn|12/100\n|\n|-weather|RainDance|[upkeep]\n|upkeep\n|turn|6\n|\n|t:|1790493560\n|-activate|p1a: Dragapult|confusion\n|move|p1a: Dragapult|Shadow Ball|p2a: Ferrothorn\n|-damage|p2a: Ferrothorn|0 fnt\n|faint|p2a: Ferrothorn\n|\n|-weather|RainDance|[upkeep]\n|upkeep\n|\n|t:|1790493564\n|switch|p2a: Garchomp|Garchomp, M|100/100\n|-damage|p2a: Garchomp|94/100|[from] Stealth Rock\n|turn|7\n|\n|t:|1790493582\n|switch|p1a: Tornadus|Tornadus-Therian, M, shiny|100/100\n|move|p2a: Garchomp|Swords Dance|p2a: Garchomp\n|-boost|p2a: Garchomp|atk|2\n|\n|-weather|RainDance|[upkeep]\n|-heal|p2a: Garchomp|100/100|[from] item: Leftovers\n|upkeep\n|turn|8\n|inactive|Finchely has 240 seconds left.\n|inactive|Finchely has 210 seconds left.\n|\n|t:|1790493632\n|move|p1a: Tornadus|Icy Wind|p2a: Garchomp\n|-supereffective|p2a: Garchomp\n|-damage|p2a: Garchomp|38/100\n|-unboost|p2a: Garchomp|spe|1\n|move|p2a: Garchomp|Aqua Tail|p1a: Tornadus\n|-damage|p1a: Tornadus|9/100\n|\n|-weather|none\n|-heal|p2a: Garchomp|44/100|[from] item: Leftovers\n|upkeep\n|turn|9\n|inactive|Finchely has 210 seconds left.\n|inactive|Drachenkeule has 270 seconds left.\n|\n|t:|1790493658\n|switch|p2a: Pelipper|Pelipper, M|100/100\n|-damage|p2a: Pelipper|76/100|[from] Stealth Rock\n|-weather|RainDance|[from] ability: Drizzle|[of] p2a: Pelipper\n|move|p1a: Tornadus|Icy Wind|p2a: Pelipper\n|-damage|p2a: Pelipper|58/100\n|-unboost|p2a: Pelipper|spe|1\n|\n|-weather|RainDance|[upkeep]\n|upkeep\n|turn|10\n|inactive|Finchely has 210 seconds left.\n|\n|t:|1790493675\n|switch|p2a: Garchomp|Garchomp, M|44/100\n|-damage|p2a: Garchomp|38/100|[from] Stealth Rock\n|move|p1a: Tornadus|Knock Off|p2a: Garchomp\n|-damage|p2a: Garchomp|19/100\n|-damage|p1a: Tornadus|0 fnt|[from] ability: Rough Skin|[of] p2a: Garchomp\n|faint|p1a: Tornadus\n|\n|-weather|RainDance|[upkeep]\n|-heal|p2a: Garchomp|25/100|[from] item: Leftovers\n|upkeep\n|inactive|Finchely has 180 seconds left.\n|\n|t:|1790493722\n|switch|p1a: Tapu Lele|Tapu Lele, shiny|100/100\n|-fieldstart|move: Psychic Terrain|[from] ability: Psychic Surge|[of] p1a: Tapu Lele\n|turn|11\n|\n|t:|1790493736\n|move|p1a: Tapu Lele|Moonblast|p2a: Garchomp\n|-supereffective|p2a: Garchomp\n|-damage|p2a: Garchomp|0 fnt\n|faint|p2a: Garchomp\n|\n|-weather|RainDance|[upkeep]\n|upkeep\n|inactive|Drachenkeule has 270 seconds left.\n|\n|t:|1790493755\n|switch|p2a: Tapu Lele|Tapu Lele|100/100\n|-damage|p2a: Tapu Lele|88/100|[from] Stealth Rock\n|turn|12\n|inactive|Drachenkeule has 270 seconds left.\n|c|+Msousagamer|go finch\n|inactive|Finchely has 150 seconds left.\n|\n|t:|1790493798\n|move|p1a: Tapu Lele|Moonblast|p2a: Tapu Lele\n|-damage|p2a: Tapu Lele|51/100\n|move|p2a: Tapu Lele|Moonblast|p1a: Tapu Lele\n|-damage|p1a: Tapu Lele|43/100\n|\n|-weather|RainDance|[upkeep]\n|upkeep\n|turn|13\n|inactive|Finchely has 150 seconds left.\n|inactive|Drachenkeule has 240 seconds left.\n|inactive|Finchely has 120 seconds left.\n|\n|t:|1790493848\n|move|p1a: Tapu Lele|Moonblast|p2a: Tapu Lele\n|-damage|p2a: Tapu Lele|13/100\n|move|p2a: Tapu Lele|Psyshock|p1a: Tapu Lele\n|-resisted|p1a: Tapu Lele\n|-damage|p1a: Tapu Lele|0 fnt\n|faint|p1a: Tapu Lele\n|\n|-weather|RainDance|[upkeep]\n|upkeep\n|\n|t:|1790493865\n|switch|p1a: Dragapult|Dragapult, F, shiny|25/100\n|turn|14\n|inactive|Drachenkeule has 210 seconds left.\n|\n|t:|1790493887\n|move|p1a: Dragapult|Shadow Ball|p2a: Tapu Lele\n|-supereffective|p2a: Tapu Lele\n|-damage|p2a: Tapu Lele|0 fnt\n|faint|p2a: Tapu Lele\n|\n|-weather|RainDance|[upkeep]\n|upkeep\n|inactive|Drachenkeule has 210 seconds left.\n|\n|t:|1790493909\n|switch|p2a: Zapdos|Zapdos|100/100\n|turn|15\n|inactive|Finchely has 90 seconds left.\n|inactive|Finchely has 60 seconds left.\n|\n|t:|1790493984\n|switch|p1a: Landorus|Landorus-Therian, M|100/100\n|-ability|p1a: Landorus|Intimidate|boost\n|-unboost|p2a: Zapdos|atk|1\n|move|p2a: Zapdos|Hurricane|p1a: Landorus\n|-damage|p1a: Landorus|60/100\n|-start|p1a: Landorus|confusion\n|\n|-weather|RainDance|[upkeep]\n|-heal|p1a: Landorus|66/100|[from] item: Leftovers\n|-fieldend|move: Psychic Terrain\n|upkeep\n|turn|16\n|\n|t:|1790493991\n|move|p2a: Zapdos|Weather Ball|p1a: Landorus\n|-supereffective|p1a: Landorus\n|-damage|p1a: Landorus|0 fnt\n|faint|p1a: Landorus\n|\n|-weather|none\n|upkeep\n|\n|t:|1790493996\n|switch|p1a: Dragapult|Dragapult, F, shiny|25/100\n|turn|17\n|inactive|Drachenkeule has 210 seconds left.\n|\n|t:|1790494025\n|switch|p2a: Pelipper|Pelipper, M|58/100\n|-damage|p2a: Pelipper|34/100|[from] Stealth Rock\n|-weather|RainDance|[from] ability: Drizzle|[of] p2a: Pelipper\n|move|p1a: Dragapult|Draco Meteor|p2a: Pelipper\n|-damage|p2a: Pelipper|0 fnt\n|-unboost|p1a: Dragapult|spa|2\n|faint|p2a: Pelipper\n|\n|-weather|RainDance|[upkeep]\n|upkeep\n|\n|t:|1790494029\n|switch|p2a: Zapdos|Zapdos|100/100\n|turn|18\n|inactive|Finchely has 30 seconds left.\n|\n|t:|1790494051\n|switch|p1a: Urshifu|Urshifu-Rapid-Strike, F|100/100\n|move|p2a: Zapdos|Hurricane|p1a: Urshifu\n|-supereffective|p1a: Urshifu\n|-damage|p1a: Urshifu|0 fnt\n|faint|p1a: Urshifu\n|\n|-weather|RainDance|[upkeep]\n|upkeep\n|\n|t:|1790494053\n|switch|p1a: Dragapult|Dragapult, F, shiny|25/100\n|turn|19\n|inactive|Drachenkeule has 210 seconds left.\n|\n|t:|1790494087\n|switch|p2a: Barraskewda|Barraskewda, M|72/100\n|-damage|p2a: Barraskewda|60/100|[from] Stealth Rock\n|move|p1a: Dragapult|Draco Meteor|p2a: Barraskewda|[miss]\n|-miss|p1a: Dragapult|p2a: Barraskewda\n|\n|-weather|RainDance|[upkeep]\n|upkeep\n|turn|20\n|c|\u2606Finchely|shit\n|inactive|Drachenkeule has 210 seconds left.\n|inactive|Finchely has 30 seconds left.\n|inactive|Finchely has 20 seconds left.\n|\n|t:|1790494123\n|switch|p1a: Ferrothorn|Ferrothorn, F, shiny|73/100\n|move|p2a: Barraskewda|Flip Turn|p1a: Ferrothorn\n|-resisted|p1a: Ferrothorn\n|-damage|p1a: Ferrothorn|50/100\n|-damage|p2a: Barraskewda|48/100|[from] ability: Iron Barbs|[of] p1a: Ferrothorn\n|-damage|p2a: Barraskewda|31/100|[from] item: Rocky Helmet|[of] p1a: Ferrothorn\n|\n|t:|1790494126\n|switch|p2a: Zapdos|Zapdos|100/100|[from] Flip Turn\n|\n|-weather|RainDance|[upkeep]\n|upkeep\n|turn|21\n|inactive|Finchely has 30 seconds left.\n|\n|t:|1790494138\n|move|p2a: Zapdos|Hurricane|p1a: Ferrothorn\n|-damage|p1a: Ferrothorn|7/100\n|move|p1a: Ferrothorn|Leech Seed|p2a: Zapdos\n|-start|p2a: Zapdos|move: Leech Seed\n|\n|-weather|RainDance|[upkeep]\n|-damage|p2a: Zapdos|88/100|[from] Leech Seed|[of] p1a: Ferrothorn\n|-heal|p1a: Ferrothorn|18/100|[silent]\n|upkeep\n|turn|22\n|\n|t:|1790494148\n|move|p2a: Zapdos|Hurricane|p1a: Ferrothorn\n|-damage|p1a: Ferrothorn|0 fnt\n|faint|p1a: Ferrothorn\n|\n|-weather|RainDance|[upkeep]\n|upkeep\n|\n|t:|1790494150\n|switch|p1a: Dragapult|Dragapult, F, shiny|25/100\n|turn|23\n|\n|t:|1790494154\n|move|p1a: Dragapult|Shadow Ball|p2a: Zapdos\n|-damage|p2a: Zapdos|25/100\n|move|p2a: Zapdos|Hurricane|p1a: Dragapult\n|-damage|p1a: Dragapult|0 fnt\n|faint|p1a: Dragapult\n|\n|win|Drachenkeule\n|c|\u2606Finchely|gg\n|c|\u2606Drachenkeule|Gg\n|player|p1|\n", "uploadtime": 1790494154, "views": "67", "formatid": "gen8ou", "rating": null, "private": 0, "password": null}