{"id": "smogtours-gen8ou-976319", "format": "[Gen 8] OU", "players": ["B0by 774", "Wappy.kBs"], "log": "|inactive|Battle timer is ON: inactive players will automatically lose when time's up.\n|t:|1791054702\n|gametype|singles\n|player|p1|B0by 774|brycenman|\n|player|p2|Wappy.kBs|sightseerf|\n|gen|8\n|tier|[Gen 8] OU\n|rule|HP Percentage Mod: HP is shown in percentages\n|rule|Endless Battle Clause: Forcing endless battles is banned\n|rule|Sleep Clause Mod: Limit one foe put to sleep\n|rule|Species Clause: Limit one of each Pok\u00e9mon\n|rule|OHKO Clause: OHKO moves are banned\n|rule|Evasion Items Clause: Evasion items are banned\n|rule|Evasion Moves Clause: Evasion moves are banned\n|rule|Dynamax Clause: You cannot dynamax\n|clearpoke\n|poke|p1|Tapu Koko|\n|poke|p1|Landorus-Therian, M|\n|poke|p1|Ferrothorn, M|\n|poke|p1|Zeraora|\n|poke|p1|Slowbro, F|\n|poke|p1|Tyranitar, F|\n|poke|p2|Aegislash, M|\n|poke|p2|Weavile, M|\n|poke|p2|Landorus-Therian, M|\n|poke|p2|Zapdos|\n|poke|p2|Urshifu-*, M|\n|poke|p2|Kartana|\n|teampreview\n|inactive|B0by 774 also wants the timer to be on.\n|c|\u2606B0by 774|hf\n|c|\u2606Wappy.kBs|hf\n|inactive|B0by 774 has 270 seconds left.\n|inactive|Wappy.kBs has 270 seconds left.\n|inactive|B0by 774 has 240 seconds left.\n|\n|t:|1791054786\n|teamsize|p1|6\n|teamsize|p2|6\n|start\n|switch|p1a: Slowbro|Slowbro, F|100/100\n|switch|p2a: Weavile|Weavile, M|100/100\n|-ability|p2a: Weavile|Pressure\n|turn|1\n|\n|t:|1791054801\n|switch|p1a: Ferrothorn|Ferrothorn, M|100/100\n|move|p2a: Weavile|Beat Up|p1a: Ferrothorn\n|-damage|p1a: Ferrothorn|90/100\n|-crit|p1a: Ferrothorn\n|-damage|p1a: Ferrothorn|80/100\n|-damage|p1a: Ferrothorn|68/100\n|-damage|p1a: Ferrothorn|60/100\n|-damage|p1a: Ferrothorn|48/100\n|-damage|p1a: Ferrothorn|34/100\n|-hitcount|p1a: Ferrothorn|6\n|\n|upkeep\n|turn|2\n|\n|t:|1791054810\n|switch|p1a: Landorus|Landorus-Therian, M|100/100\n|-ability|p1a: Landorus|Intimidate|boost\n|-unboost|p2a: Weavile|atk|1\n|move|p2a: Weavile|Beat Up|p1a: Landorus\n|-damage|p1a: Landorus|92/100\n|-damage|p1a: Landorus|87/100\n|-damage|p1a: Landorus|76/100\n|-damage|p1a: Landorus|68/100\n|-damage|p1a: Landorus|58/100\n|-damage|p1a: Landorus|45/100\n|-hitcount|p1a: Landorus|6\n|\n|-heal|p1a: Landorus|51/100|[from] item: Leftovers\n|upkeep\n|turn|3\n|\n|t:|1791054817\n|move|p2a: Weavile|Beat Up|p1a: Landorus\n|-damage|p1a: Landorus|42/100\n|-damage|p1a: Landorus|37/100\n|-damage|p1a: Landorus|26/100\n|-damage|p1a: Landorus|18/100\n|-damage|p1a: Landorus|8/100\n|-damage|p1a: Landorus|0 fnt\n|faint|p1a: Landorus\n|-hitcount|p1: Landorus|6\n|\n|upkeep\n|\n|t:|1791054825\n|switch|p1a: Tapu Koko|Tapu Koko|100/100\n|-fieldstart|move: Electric Terrain|[from] ability: Electric Surge|[of] p1a: Tapu Koko\n|turn|4\n|\n|t:|1791054830\n|switch|p1a: Slowbro|Slowbro, F|100/100\n|switch|p2a: Landorus|Landorus-Therian, M|100/100\n|-ability|p2a: Landorus|Intimidate|boost\n|-unboost|p1a: Slowbro|atk|1\n|\n|upkeep\n|turn|5\n|\n|t:|1791054835\n|move|p2a: Landorus|U-turn|p1a: Slowbro\n|-supereffective|p1a: Slowbro\n|-damage|p1a: Slowbro|76/100\n|\n|t:|1791054839\n|switch|p2a: Aegislash|Aegislash, M, shiny|100/100|[from] U-turn\n|move|p1a: Slowbro|Scald|p2a: Aegislash\n|-damage|p2a: Aegislash|73/100\n|\n|upkeep\n|turn|6\n|\n|t:|1791054849\n|switch|p1a: Tyranitar|Tyranitar, F|100/100\n|-weather|Sandstorm|[from] ability: Sand Stream|[of] p1a: Tyranitar\n|-formechange|p2a: Aegislash|Aegislash-Blade||[from] ability: Stance Change\n|move|p2a: Aegislash|Flash Cannon|p1a: Tyranitar\n|-supereffective|p1a: Tyranitar\n|-damage|p1a: Tyranitar|5/100\n|\n|-weather|Sandstorm|[upkeep]\n|upkeep\n|turn|7\n|\n|t:|1791054869\n|switch|p2a: Urshifu|Urshifu-Rapid-Strike, M|100/100\n|move|p1a: Tyranitar|Crunch|p2a: Urshifu\n|-resisted|p2a: Urshifu\n|-damage|p2a: Urshifu|64/100\n|\n|-weather|Sandstorm|[upkeep]\n|-damage|p2a: Urshifu|58/100|[from] Sandstorm\n|upkeep\n|turn|8\n|\n|t:|1791054875\n|switch|p1a: Ferrothorn|Ferrothorn, M|34/100\n|move|p2a: Urshifu|U-turn|p1a: Ferrothorn\n|-damage|p1a: Ferrothorn|16/100\n|-activate|p1a: Ferrothorn|ability: Iron Barbs\n|-activate|p2a: Urshifu|item: Protective Pads\n|\n|t:|1791054878\n|switch|p2a: Weavile|Weavile, M|100/100|[from] U-turn\n|-ability|p2a: Weavile|Pressure\n|\n|-weather|Sandstorm|[upkeep]\n|-damage|p2a: Weavile|94/100|[from] Sandstorm\n|-fieldend|move: Electric Terrain\n|upkeep\n|turn|9\n|\n|t:|1791054883\n|move|p2a: Weavile|Beat Up|p1a: Ferrothorn\n|-damage|p1a: Ferrothorn|4/100\n|-damage|p1a: Ferrothorn|0 fnt\n|faint|p1a: Ferrothorn\n|-hitcount|p1: Ferrothorn|2\n|\n|-weather|Sandstorm|[upkeep]\n|-damage|p2a: Weavile|88/100|[from] Sandstorm\n|upkeep\n|\n|t:|1791054885\n|switch|p1a: Zeraora|Zeraora|100/100\n|turn|10\n|\n|t:|1791054890\n|switch|p2a: Landorus|Landorus-Therian, M|100/100\n|-ability|p2a: Landorus|Intimidate|boost\n|-unboost|p1a: Zeraora|atk|1\n|move|p1a: Zeraora|Bulk Up|p1a: Zeraora\n|-boost|p1a: Zeraora|atk|1\n|-boost|p1a: Zeraora|def|1\n|\n|-weather|none\n|upkeep\n|turn|11\n|\n|t:|1791054895\n|switch|p1a: Slowbro|Slowbro, F|100/100\n|move|p2a: Landorus|U-turn|p1a: Slowbro\n|-supereffective|p1a: Slowbro\n|-damage|p1a: Slowbro|76/100\n|\n|t:|1791054898\n|switch|p2a: Weavile|Weavile, M|88/100|[from] U-turn\n|-ability|p2a: Weavile|Pressure\n|\n|upkeep\n|turn|12\n|\n|t:|1791054901\n|move|p2a: Weavile|Beat Up|p1a: Slowbro\n|-supereffective|p1a: Slowbro\n|-damage|p1a: Slowbro|61/100\n|-supereffective|p1a: Slowbro\n|-crit|p1a: Slowbro\n|-damage|p1a: Slowbro|33/100\n|-supereffective|p1a: Slowbro\n|-damage|p1a: Slowbro|16/100\n|-supereffective|p1a: Slowbro\n|-damage|p1a: Slowbro|1/100\n|-supereffective|p1a: Slowbro\n|-damage|p1a: Slowbro|0 fnt\n|faint|p1a: Slowbro\n|-hitcount|p1: Slowbro|5\n|\n|upkeep\n|\n|t:|1791054904\n|switch|p1a: Zeraora|Zeraora|100/100\n|turn|13\n|\n|t:|1791054908\n|move|p1a: Zeraora|Bulk Up|p1a: Zeraora\n|-boost|p1a: Zeraora|atk|1\n|-boost|p1a: Zeraora|def|1\n|move|p2a: Weavile|Beat Up|p1a: Zeraora\n|-damage|p1a: Zeraora|88/100\n|-damage|p1a: Zeraora|75/100\n|-damage|p1a: Zeraora|61/100\n|-damage|p1a: Zeraora|52/100\n|-damage|p1a: Zeraora|45/100\n|-damage|p1a: Zeraora|27/100\n|-hitcount|p1a: Zeraora|6\n|\n|upkeep\n|turn|14\n|\n|t:|1791054912\n|switch|p2a: Kartana|Kartana, shiny|100/100\n|move|p1a: Zeraora|Bulk Up|p1a: Zeraora\n|-boost|p1a: Zeraora|atk|1\n|-boost|p1a: Zeraora|def|1\n|\n|upkeep\n|turn|15\n|\n|t:|1791054920\n|move|p2a: Kartana|Sacred Sword|p1a: Zeraora\n|-damage|p1a: Zeraora|0 fnt\n|faint|p1a: Zeraora\n|-ability|p2a: Kartana|Beast Boost|boost\n|-boost|p2a: Kartana|atk|1\n|\n|upkeep\n|c|\u2606B0by 774|well\n|c|\u2606B0by 774|at least that was fast\n|c|\u2606B0by 774|ggs\n|c|\u2606Wappy.kBs|gg\n|-message|B0by 774 forfeited.\n|\n|win|Wappy.kBs\n", "uploadtime": 1791054934, "views": "29", "formatid": "gen8ou", "rating": null, "private": 0, "password": null}