{"id": "smogtours-gen8ou-977282", "format": "[Gen 8] OU", "players": ["WHKW10086", "ryuji"], "log": "|inactive|Battle timer is ON: inactive players will automatically lose when time's up.\n|t:|1791274418\n|gametype|singles\n|player|p1|WHKW10086|#whkw10086|\n|player|p2|ryuji|#ndwcvfrance|\n|gen|8\n|tier|[Gen 8] OU\n|rule|HP Percentage Mod: HP is shown in percentages\n|rule|Endless Battle Clause: Forcing endless battles is banned\n|rule|Sleep Clause Mod: Limit one foe put to sleep\n|rule|Species Clause: Limit one of each Pok\u00e9mon\n|rule|OHKO Clause: OHKO moves are banned\n|rule|Evasion Items Clause: Evasion items are banned\n|rule|Evasion Moves Clause: Evasion moves are banned\n|rule|Dynamax Clause: You cannot dynamax\n|clearpoke\n|poke|p1|Nihilego|\n|poke|p1|Tapu Lele|\n|poke|p1|Garchomp, M|\n|poke|p1|Heatran, M|\n|poke|p1|Dragapult, F|\n|poke|p1|Rillaboom, F|\n|poke|p2|Blacephalon|\n|poke|p2|Tornadus-Therian, M|\n|poke|p2|Melmetal|\n|poke|p2|Garchomp, M|\n|poke|p2|Slowbro, F|\n|poke|p2|Rillaboom, M|\n|teampreview\n|inactive|WHKW10086 also wants the timer to be on.\n|c|\u2606ryuji|hf\n|c|\u2606WHKW10086|glhf\n|\n|t:|1791274446\n|teamsize|p1|6\n|teamsize|p2|6\n|start\n|switch|p1a: Heatran|Heatran, M|100/100\n|switch|p2a: Garchomp|Garchomp, M|100/100\n|-item|p1a: Heatran|Air Balloon\n|turn|1\n|\n|t:|1791274452\n|move|p2a: Garchomp|Stealth Rock|p1a: Heatran\n|-sidestart|p1: WHKW10086|move: Stealth Rock\n|move|p1a: Heatran|Stealth Rock|p2a: Garchomp\n|-sidestart|p2: ryuji|move: Stealth Rock\n|\n|upkeep\n|turn|2\n|\n|t:|1791274457\n|switch|p2a: Slowbro|Slowbro, F|100/100\n|-damage|p2a: Slowbro|88/100|[from] Stealth Rock\n|switch|p1a: Tapu Lele|Tapu Lele|100/100\n|-damage|p1a: Tapu Lele|88/100|[from] Stealth Rock\n|-fieldstart|move: Psychic Terrain|[from] ability: Psychic Surge|[of] p1a: Tapu Lele\n|\n|upkeep\n|turn|3\n|\n|t:|1791274479\n|switch|p1a: Garchomp|Garchomp, M|100/100\n|-damage|p1a: Garchomp|94/100|[from] Stealth Rock\n|move|p2a: Slowbro|Teleport|p2a: Slowbro\n|\n|t:|1791274487\n|switch|p2a: Tornadus|Tornadus-Therian, M|100/100|[from] Teleport\n|\n|-heal|p1a: Garchomp|100/100|[from] item: Leftovers\n|upkeep\n|turn|4\n|\n|t:|1791274510\n|move|p2a: Tornadus|Toxic|p1a: Garchomp\n|-status|p1a: Garchomp|tox\n|move|p1a: Garchomp|Swords Dance|p1a: Garchomp\n|-boost|p1a: Garchomp|atk|2\n|\n|-damage|p1a: Garchomp|94/100 tox|[from] psn\n|upkeep\n|turn|5\n|\n|t:|1791274515\n|move|p2a: Tornadus|U-turn|p1a: Garchomp\n|-damage|p1a: Garchomp|80/100 tox\n|-damage|p2a: Tornadus|88/100|[from] ability: Rough Skin|[of] p1a: Garchomp\n|\n|t:|1791274518\n|switch|p2a: Melmetal|Melmetal|100/100|[from] U-turn\n|-damage|p2a: Melmetal|94/100|[from] Stealth Rock\n|move|p1a: Garchomp|Scale Shot|p2a: Melmetal\n|-resisted|p2a: Melmetal\n|-damage|p2a: Melmetal|86/100\n|-resisted|p2a: Melmetal\n|-damage|p2a: Melmetal|78/100\n|-resisted|p2a: Melmetal\n|-damage|p2a: Melmetal|70/100\n|-hitcount|p2a: Melmetal|3\n|-unboost|p1a: Garchomp|def|1\n|-boost|p1a: Garchomp|spe|1\n|\n|-heal|p1a: Garchomp|86/100 tox|[from] item: Leftovers\n|-heal|p2a: Melmetal|77/100|[from] item: Leftovers\n|-damage|p1a: Garchomp|74/100 tox|[from] psn\n|upkeep\n|turn|6\n|\n|t:|1791274523\n|move|p2a: Melmetal|Protect|p2a: Melmetal\n|-singleturn|p2a: Melmetal|Protect\n|move|p1a: Garchomp|Fire Fang|p2a: Melmetal\n|-activate|p2a: Melmetal|move: Protect\n|\n|-heal|p1a: Garchomp|80/100 tox|[from] item: Leftovers\n|-heal|p2a: Melmetal|83/100|[from] item: Leftovers\n|-damage|p1a: Garchomp|62/100 tox|[from] psn\n|-fieldend|move: Psychic Terrain\n|upkeep\n|turn|7\n|\n|t:|1791274530\n|switch|p2a: Slowbro|Slowbro, F|100/100\n|-damage|p2a: Slowbro|88/100|[from] Stealth Rock\n|move|p1a: Garchomp|Earthquake|p2a: Slowbro\n|-damage|p2a: Slowbro|20/100\n|\n|-heal|p1a: Garchomp|68/100 tox|[from] item: Leftovers\n|-damage|p1a: Garchomp|43/100 tox|[from] psn\n|upkeep\n|turn|8\n|\n|t:|1791274533\n|move|p1a: Garchomp|Scale Shot|p2a: Slowbro\n|-damage|p2a: Slowbro|4/100\n|-damage|p2a: Slowbro|0 fnt\n|faint|p2a: Slowbro\n|-hitcount|p2: Slowbro|2\n|-unboost|p1a: Garchomp|def|1\n|-boost|p1a: Garchomp|spe|1\n|\n|-heal|p1a: Garchomp|50/100 tox|[from] item: Leftovers\n|-damage|p1a: Garchomp|19/100 tox|[from] psn\n|upkeep\n|\n|t:|1791274535\n|switch|p2a: Rillaboom|Rillaboom, M|100/100\n|-damage|p2a: Rillaboom|88/100|[from] Stealth Rock\n|-fieldstart|move: Grassy Terrain|[from] ability: Grassy Surge|[of] p2a: Rillaboom\n|turn|9\n|\n|t:|1791274543\n|move|p2a: Rillaboom|Grassy Glide|p1a: Garchomp\n|-damage|p1a: Garchomp|0 fnt\n|-damage|p2a: Rillaboom|75/100|[from] ability: Rough Skin|[of] p1a: Garchomp\n|faint|p1a: Garchomp\n|\n|-heal|p2a: Rillaboom|82/100|[from] Grassy Terrain\n|-heal|p2a: Rillaboom|88/100|[from] item: Leftovers\n|upkeep\n|\n|t:|1791274554\n|switch|p1a: Heatran|Heatran, M|100/100\n|-damage|p1a: Heatran|88/100|[from] Stealth Rock\n|-item|p1a: Heatran|Air Balloon\n|turn|10\n|\n|t:|1791274562\n|switch|p2a: Tornadus|Tornadus-Therian, M|100/100\n|move|p1a: Heatran|Magma Storm|p2a: Tornadus\n|-damage|p2a: Tornadus|46/100\n|-activate|p2a: Tornadus|move: Magma Storm|[of] p1a: Heatran\n|\n|-damage|p2a: Tornadus|33/100|[from] move: Magma Storm|[partiallytrapped]\n|upkeep\n|turn|11\n|\n|t:|1791274571\n|move|p2a: Tornadus|U-turn|p1a: Heatran\n|-resisted|p1a: Heatran\n|-damage|p1a: Heatran|85/100\n|-enditem|p1a: Heatran|Air Balloon\n|\n|t:|1791274575\n|switch|p2a: Garchomp|Garchomp, M|100/100|[from] U-turn\n|-damage|p2a: Garchomp|94/100|[from] Stealth Rock\n|move|p1a: Heatran|Magma Storm|p2a: Garchomp\n|-resisted|p2a: Garchomp\n|-damage|p2a: Garchomp|75/100\n|-activate|p2a: Garchomp|move: Magma Storm|[of] p1a: Heatran\n|\n|-heal|p2a: Garchomp|81/100|[from] Grassy Terrain\n|-heal|p2a: Garchomp|87/100|[from] item: Leftovers\n|-heal|p1a: Heatran|92/100|[from] Grassy Terrain\n|-damage|p2a: Garchomp|75/100|[from] move: Magma Storm|[partiallytrapped]\n|upkeep\n|turn|12\n|\n|t:|1791274583\n|move|p2a: Garchomp|Earthquake|p1a: Heatran\n|-supereffective|p1a: Heatran\n|-damage|p1a: Heatran|11/100\n|move|p1a: Heatran|Earth Power|p2a: Garchomp\n|-damage|p2a: Garchomp|55/100\n|\n|-heal|p2a: Garchomp|61/100|[from] Grassy Terrain\n|-heal|p2a: Garchomp|67/100|[from] item: Leftovers\n|-heal|p1a: Heatran|17/100|[from] Grassy Terrain\n|-damage|p2a: Garchomp|55/100|[from] move: Magma Storm|[partiallytrapped]\n|upkeep\n|turn|13\n|\n|t:|1791274594\n|switch|p1a: Dragapult|Dragapult, F|100/100\n|-damage|p1a: Dragapult|88/100|[from] Stealth Rock\n|move|p2a: Garchomp|Earthquake|p1a: Dragapult\n|-damage|p1a: Dragapult|58/100\n|\n|-heal|p1a: Dragapult|64/100|[from] Grassy Terrain\n|-heal|p2a: Garchomp|61/100|[from] Grassy Terrain\n|-heal|p2a: Garchomp|67/100|[from] item: Leftovers\n|-end|p2a: Garchomp|Magma Storm|[partiallytrapped]|[silent]\n|-fieldend|move: Grassy Terrain\n|upkeep\n|turn|14\n|\n|t:|1791274601\n|switch|p2a: Melmetal|Melmetal|83/100\n|-damage|p2a: Melmetal|77/100|[from] Stealth Rock\n|move|p1a: Dragapult|Shadow Ball|p2a: Melmetal\n|-damage|p2a: Melmetal|25/100\n|\n|-heal|p2a: Melmetal|32/100|[from] item: Leftovers\n|upkeep\n|turn|15\n|c|\u2606ryuji|gg\n|-message|ryuji forfeited.\n|\n|win|WHKW10086\n|c|\u2606WHKW10086|gg\n", "uploadtime": 1791274613, "views": "50", "formatid": "gen8ou", "rating": null, "private": 0, "password": null}