{"id": "smogtours-gen8ou-977061", "format": "[Gen 8] OU", "players": ["PLAGUE", "agenS"], "log": "|inactive|Battle timer is ON: inactive players will automatically lose when time's up.\n|t:|1791161136\n|gametype|singles\n|player|p1|PLAGUE|#aplaguedoc|\n|player|p2|agenS|#wcop2026europe|\n|gen|8\n|tier|[Gen 8] OU\n|rule|HP Percentage Mod: HP is shown in percentages\n|rule|Endless Battle Clause: Forcing endless battles is banned\n|rule|Sleep Clause Mod: Limit one foe put to sleep\n|rule|Species Clause: Limit one of each Pok\u00e9mon\n|rule|OHKO Clause: OHKO moves are banned\n|rule|Evasion Items Clause: Evasion items are banned\n|rule|Evasion Moves Clause: Evasion moves are banned\n|rule|Dynamax Clause: You cannot dynamax\n|clearpoke\n|poke|p1|Clefable, F|\n|poke|p1|Garchomp, F|\n|poke|p1|Blacephalon|\n|poke|p1|Ferrothorn, F|\n|poke|p1|Zapdos|\n|poke|p1|Dragapult, M|\n|poke|p2|Tapu Koko|\n|poke|p2|Clefable, F|\n|poke|p2|Slowking-Galar, M|\n|poke|p2|Gastrodon, M|\n|poke|p2|Heatran, F|\n|poke|p2|Skarmory, F|\n|teampreview\n|c|\u2606agenS|hf\n|c|\u2606PLAGUE|hf\n|inactive|PLAGUE has 270 seconds left.\n|inactive|agenS has 270 seconds left.\n|inactive|PLAGUE has 240 seconds left.\n|inactive|agenS has 240 seconds left.\n|inactive|PLAGUE has 210 seconds left.\n|inactive|PLAGUE has 180 seconds left.\n|\n|t:|1791161264\n|teamsize|p1|6\n|teamsize|p2|6\n|start\n|switch|p1a: Ferrothorn|Ferrothorn, F|100/100\n|switch|p2a: Clefable|Clefable, F|100/100\n|turn|1\n|inactive|PLAGUE has 240 seconds left.\n|\n|t:|1791161280\n|move|p2a: Clefable|Knock Off|p1a: Ferrothorn\n|-damage|p1a: Ferrothorn|90/100\n|-activate|p1a: Ferrothorn|ability: Iron Barbs\n|-enditem|p1a: Ferrothorn|Leftovers|[from] move: Knock Off|[of] p2a: Clefable\n|move|p1a: Ferrothorn|Gyro Ball|p2a: Clefable\n|-supereffective|p2a: Clefable\n|-damage|p2a: Clefable|48/100\n|-damage|p1a: Ferrothorn|74/100|[from] item: Rocky Helmet|[of] p2a: Clefable\n|\n|upkeep\n|turn|2\n|\n|t:|1791161289\n|move|p2a: Clefable|Soft-Boiled|p2a: Clefable\n|-heal|p2a: Clefable|98/100\n|move|p1a: Ferrothorn|Spikes|p2a: Clefable\n|-sidestart|p2: agenS|Spikes\n|\n|upkeep\n|turn|3\n|inactive|PLAGUE has 240 seconds left.\n|\n|t:|1791161302\n|switch|p2a: Skarmory|Skarmory, F|100/100\n|move|p1a: Ferrothorn|Knock Off|p2a: Skarmory\n|-damage|p2a: Skarmory|88/100\n|-enditem|p2a: Skarmory|Shed Shell|[from] move: Knock Off|[of] p1a: Ferrothorn\n|\n|upkeep\n|turn|4\n|\n|t:|1791161306\n|switch|p1a: Blacephalon|Blacephalon|100/100\n|move|p2a: Skarmory|Spikes|p1a: Blacephalon\n|-sidestart|p1: PLAGUE|Spikes\n|\n|upkeep\n|turn|5\n|\n|t:|1791161312\n|switch|p2a: Gastrodon|Gastrodon, M|100/100\n|move|p1a: Blacephalon|Shadow Ball|p2a: Gastrodon\n|-damage|p2a: Gastrodon|54/100\n|\n|upkeep\n|turn|6\n|\n|t:|1791161326\n|switch|p1a: Clefable|Clefable, F|100/100\n|move|p2a: Gastrodon|Recover|p2a: Gastrodon\n|-heal|p2a: Gastrodon|100/100\n|\n|upkeep\n|turn|7\n|\n|t:|1791161330\n|switch|p2a: Clefable|Clefable, F|98/100\n|move|p1a: Clefable|Stealth Rock|p2a: Clefable\n|-sidestart|p2: agenS|move: Stealth Rock\n|\n|upkeep\n|turn|8\n|inactive|PLAGUE has 270 seconds left.\n|\n|t:|1791161348\n|move|p2a: Clefable|Thunder Wave|p1a: Clefable\n|-status|p1a: Clefable|par\n|move|p1a: Clefable|Thunder Wave|p2a: Clefable\n|-status|p2a: Clefable|par\n|\n|upkeep\n|turn|9\n|\n|t:|1791161361\n|move|p2a: Clefable|Knock Off|p1a: Clefable\n|-resisted|p1a: Clefable\n|-damage|p1a: Clefable|95/100 par\n|-enditem|p1a: Clefable|Leftovers|[from] move: Knock Off|[of] p2a: Clefable\n|cant|p1a: Clefable|par\n|\n|upkeep\n|turn|10\n|\n|t:|1791161370\n|switch|p2a: Skarmory|Skarmory, F|88/100\n|-damage|p2a: Skarmory|76/100|[from] Stealth Rock\n|move|p1a: Clefable|Moonblast|p2a: Skarmory\n|-resisted|p2a: Skarmory\n|-damage|p2a: Skarmory|53/100\n|\n|upkeep\n|turn|11\n|inactive|PLAGUE has 270 seconds left.\n|\n|t:|1791161394\n|move|p2a: Skarmory|Roost|p2a: Skarmory\n|-heal|p2a: Skarmory|100/100\n|-singleturn|p2a: Skarmory|move: Roost\n|move|p1a: Clefable|Thunder Wave|p2a: Skarmory\n|-status|p2a: Skarmory|par\n|\n|upkeep\n|turn|12\n|\n|t:|1791161403\n|switch|p1a: Zapdos|Zapdos|100/100\n|move|p2a: Skarmory|Spikes|p1a: Zapdos\n|-sidestart|p1: PLAGUE|Spikes\n|\n|upkeep\n|turn|13\n|inactive|PLAGUE has 270 seconds left.\n|\n|t:|1791161409\n|switch|p2a: Gastrodon|Gastrodon, M|100/100\n|move|p1a: Zapdos|Hurricane|p2a: Gastrodon|[miss]\n|-miss|p1a: Zapdos|p2a: Gastrodon\n|\n|upkeep\n|turn|14\n|\n|t:|1791161418\n|switch|p1a: Clefable|Clefable, F|95/100 par\n|switch|p2a: Slowking|Slowking-Galar, M|100/100\n|\n|upkeep\n|turn|15\n|inactive|PLAGUE has 270 seconds left.\n|inactive|PLAGUE has 240 seconds left.\n|inactive|PLAGUE has 210 seconds left.\n|\n|t:|1791161493\n|switch|p2a: Skarmory|Skarmory, F|100/100 par\n|-damage|p2a: Skarmory|88/100 par|[from] Stealth Rock\n|switch|p1a: Blacephalon|Blacephalon|100/100\n|-damage|p1a: Blacephalon|84/100|[from] Spikes\n|\n|upkeep\n|turn|16\n|\n|t:|1791161503\n|switch|p2a: Gastrodon|Gastrodon, M|100/100\n|move|p1a: Blacephalon|Shadow Ball|p2a: Gastrodon\n|-damage|p2a: Gastrodon|51/100\n|\n|upkeep\n|turn|17\n|\n|t:|1791161508\n|move|p1a: Blacephalon|Shadow Ball|p2a: Gastrodon\n|-damage|p2a: Gastrodon|1/100\n|move|p2a: Gastrodon|Recover|p2a: Gastrodon\n|-heal|p2a: Gastrodon|51/100\n|\n|upkeep\n|turn|18\n|\n|t:|1791161524\n|move|p1a: Blacephalon|Shadow Ball|p2a: Gastrodon\n|-damage|p2a: Gastrodon|3/100\n|-unboost|p2a: Gastrodon|spd|1\n|move|p2a: Gastrodon|Recover|p2a: Gastrodon\n|-heal|p2a: Gastrodon|53/100\n|\n|upkeep\n|turn|19\n|\n|t:|1791161528\n|switch|p2a: Heatran|Heatran, F|100/100\n|-damage|p2a: Heatran|88/100|[from] Spikes\n|-damage|p2a: Heatran|76/100|[from] Stealth Rock\n|move|p1a: Blacephalon|Shadow Ball|p2a: Heatran\n|-damage|p2a: Heatran|30/100\n|\n|-heal|p2a: Heatran|37/100|[from] item: Leftovers\n|upkeep\n|turn|20\n|inactive|PLAGUE has 240 seconds left.\n|\n|t:|1791161534\n|move|p1a: Blacephalon|Shadow Ball|p2a: Heatran\n|-damage|p2a: Heatran|0 fnt\n|faint|p2a: Heatran\n|-ability|p1a: Blacephalon|Beast Boost|boost\n|-boost|p1a: Blacephalon|spa|1\n|\n|upkeep\n|\n|t:|1791161537\n|switch|p2a: Tapu Koko|Tapu Koko|100/100\n|-fieldstart|move: Electric Terrain|[from] ability: Electric Surge|[of] p2a: Tapu Koko\n|turn|21\n|\n|t:|1791161551\n|move|p2a: Tapu Koko|Volt Switch|p1a: Blacephalon\n|-damage|p1a: Blacephalon|14/100\n|\n|t:|1791161560\n|switch|p2a: Gastrodon|Gastrodon, M|53/100|[from] Volt Switch\n|move|p1a: Blacephalon|Shadow Ball|p2a: Gastrodon\n|-damage|p2a: Gastrodon|0 fnt\n|faint|p2a: Gastrodon\n|-ability|p1a: Blacephalon|Beast Boost|boost\n|-boost|p1a: Blacephalon|spa|1\n|\n|upkeep\n|\n|t:|1791161561\n|switch|p2a: Tapu Koko|Tapu Koko|100/100\n|turn|22\n|\n|t:|1791161573\n|move|p2a: Tapu Koko|Dazzling Gleam|p1a: Blacephalon\n|-resisted|p1a: Blacephalon\n|-damage|p1a: Blacephalon|0 fnt\n|faint|p1a: Blacephalon\n|\n|upkeep\n|inactive|PLAGUE has 240 seconds left.\n|inactive|PLAGUE has 210 seconds left.\n|\n|t:|1791161647\n|switch|p1a: Ferrothorn|Ferrothorn, F|74/100\n|-damage|p1a: Ferrothorn|57/100|[from] Spikes\n|turn|23\n|\n|t:|1791161651\n|move|p2a: Tapu Koko|Volt Switch|p1a: Ferrothorn\n|-resisted|p1a: Ferrothorn\n|-damage|p1a: Ferrothorn|44/100\n|\n|t:|1791161654\n|switch|p2a: Skarmory|Skarmory, F|88/100 par|[from] Volt Switch\n|-damage|p2a: Skarmory|76/100 par|[from] Stealth Rock\n|move|p1a: Ferrothorn|Leech Seed|p2a: Skarmory\n|-start|p2a: Skarmory|move: Leech Seed\n|\n|-damage|p2a: Skarmory|64/100 par|[from] Leech Seed|[of] p1a: Ferrothorn\n|-heal|p1a: Ferrothorn|56/100|[silent]\n|upkeep\n|turn|24\n|inactive|PLAGUE has 210 seconds left.\n|\n|t:|1791161668\n|switch|p2a: Clefable|Clefable, F|98/100 par\n|switch|p1a: Zapdos|Zapdos|100/100\n|\n|upkeep\n|turn|25\n|inactive|PLAGUE has 210 seconds left.\n|\n|t:|1791161674\n|switch|p2a: Tapu Koko|Tapu Koko|100/100\n|move|p1a: Zapdos|Hurricane|p2a: Tapu Koko\n|-resisted|p2a: Tapu Koko\n|-damage|p2a: Tapu Koko|51/100\n|\n|-fieldend|move: Electric Terrain\n|upkeep\n|turn|26\n|\n|t:|1791161684\n|move|p2a: Tapu Koko|Roost|p2a: Tapu Koko\n|-heal|p2a: Tapu Koko|100/100\n|-singleturn|p2a: Tapu Koko|move: Roost\n|move|p1a: Zapdos|Volt Switch|p2a: Tapu Koko\n|-resisted|p2a: Tapu Koko\n|-damage|p2a: Tapu Koko|71/100\n|\n|t:|1791161688\n|switch|p1a: Dragapult|Dragapult, M|100/100|[from] Volt Switch\n|-damage|p1a: Dragapult|84/100|[from] Spikes\n|\n|upkeep\n|turn|27\n|\n|t:|1791161696\n|switch|p2a: Skarmory|Skarmory, F|64/100 par\n|-damage|p2a: Skarmory|51/100 par|[from] Stealth Rock\n|move|p1a: Dragapult|Shadow Ball|p2a: Skarmory\n|-damage|p2a: Skarmory|0 fnt\n|faint|p2a: Skarmory\n|\n|upkeep\n|\n|t:|1791161698\n|switch|p2a: Clefable|Clefable, F|98/100 par\n|turn|28\n|inactive|PLAGUE has 240 seconds left.\n|\n|t:|1791161709\n|switch|p1a: Ferrothorn|Ferrothorn, F|56/100\n|-damage|p1a: Ferrothorn|39/100|[from] Spikes\n|move|p2a: Clefable|Thunder Wave|p1a: Ferrothorn\n|-status|p1a: Ferrothorn|par\n|\n|upkeep\n|turn|29\n|inactive|PLAGUE has 240 seconds left.\n|\n|t:|1791161714\n|switch|p2a: Slowking|Slowking-Galar, M|100/100\n|cant|p1a: Ferrothorn|par\n|\n|upkeep\n|turn|30\n|\n|t:|1791161717\n|move|p2a: Slowking|Flamethrower|p1a: Ferrothorn\n|-supereffective|p1a: Ferrothorn\n|-damage|p1a: Ferrothorn|0 fnt\n|faint|p1a: Ferrothorn\n|\n|upkeep\n|\n|t:|1791161720\n|switch|p1a: Garchomp|Garchomp, F|100/100\n|-damage|p1a: Garchomp|84/100|[from] Spikes\n|turn|31\n|inactive|PLAGUE has 240 seconds left.\n|\n|t:|1791161746\n|switch|p2a: Clefable|Clefable, F|98/100 par\n|move|p1a: Garchomp|Earthquake|p2a: Clefable\n|-damage|p2a: Clefable|58/100 par\n|\n|-heal|p1a: Garchomp|90/100|[from] item: Leftovers\n|upkeep\n|turn|32\n|inactive|PLAGUE has 240 seconds left.\n|\n|t:|1791161760\n|move|p1a: Garchomp|Swords Dance|p1a: Garchomp\n|-boost|p1a: Garchomp|atk|2\n|cant|p2a: Clefable|par\n|\n|-heal|p1a: Garchomp|96/100|[from] item: Leftovers\n|upkeep\n|turn|33\n|\n|t:|1791161764\n|move|p1a: Garchomp|Earthquake|p2a: Clefable\n|-damage|p2a: Clefable|0 fnt\n|faint|p2a: Clefable\n|\n|-heal|p1a: Garchomp|100/100|[from] item: Leftovers\n|upkeep\n|\n|t:|1791161766\n|switch|p2a: Tapu Koko|Tapu Koko|71/100\n|-fieldstart|move: Electric Terrain|[from] ability: Electric Surge|[of] p2a: Tapu Koko\n|turn|34\n|\n|t:|1791161768\n|move|p2a: Tapu Koko|Dazzling Gleam|p1a: Garchomp\n|-supereffective|p1a: Garchomp\n|-damage|p1a: Garchomp|35/100\n|move|p1a: Garchomp|Earthquake|p2a: Tapu Koko\n|-supereffective|p2a: Tapu Koko\n|-damage|p2a: Tapu Koko|0 fnt\n|faint|p2a: Tapu Koko\n|\n|-heal|p1a: Garchomp|41/100|[from] item: Leftovers\n|upkeep\n|\n|t:|1791161772\n|switch|p2a: Slowking|Slowking-Galar, M|100/100\n|turn|35\n|\n|t:|1791161774\n|move|p1a: Garchomp|Earthquake|p2a: Slowking\n|-supereffective|p2a: Slowking\n|-crit|p2a: Slowking\n|-damage|p2a: Slowking|0 fnt\n|faint|p2a: Slowking\n|\n|win|PLAGUE\n|c|\u2606agenS|gg\n|c|\u2606PLAGUE|gg\n", "uploadtime": 1791161774, "views": "36", "formatid": "gen8ou", "rating": null, "private": 0, "password": null}