{"id": "smogtours-gen8ou-975106", "format": "[Gen 8] OU", "players": ["anos luz", "Hairoll"], "log": "|inactive|Battle timer is ON: inactive players will automatically lose when time's up.\n|t:|1790535814\n|gametype|singles\n|player|p1|anos luz|dawn|\n|player|p2|Hairoll|#rbtt9phantoms|\n|gen|8\n|tier|[Gen 8] OU\n|rule|HP Percentage Mod: HP is shown in percentages\n|rule|Endless Battle Clause: Forcing endless battles is banned\n|rule|Sleep Clause Mod: Limit one foe put to sleep\n|rule|Species Clause: Limit one of each Pok\u00e9mon\n|rule|OHKO Clause: OHKO moves are banned\n|rule|Evasion Items Clause: Evasion items are banned\n|rule|Evasion Moves Clause: Evasion moves are banned\n|rule|Dynamax Clause: You cannot dynamax\n|clearpoke\n|poke|p1|Magnezone|\n|poke|p1|Slowbro, F|\n|poke|p1|Melmetal|\n|poke|p1|Tornadus-Therian, M|\n|poke|p1|Garchomp, F|\n|poke|p1|Clefable, F|\n|poke|p2|Tyranitar, M|\n|poke|p2|Slowking, M|\n|poke|p2|Tornadus-Therian, M|\n|poke|p2|Excadrill, F|\n|poke|p2|Buzzwole|\n|poke|p2|Volcanion|\n|teampreview\n|inactive|Hairoll also wants the timer to be on.\n|c|\u2606Hairoll|hf\n|c|\u2606anos luz|u2\n|inactive|anos luz has 270 seconds left.\n|inactive|Hairoll has 270 seconds left.\n|inactive|anos luz has 240 seconds left.\n|inactive|Hairoll has 240 seconds left.\n|inactive|Hairoll has 210 seconds left.\n|inactive|Hairoll has 180 seconds left.\n|inactive|Hairoll has 150 seconds left.\n|inactive|Hairoll has 120 seconds left.\n|inactive|Hairoll has 90 seconds left.\n|\n|t:|1790536026\n|teamsize|p1|6\n|teamsize|p2|6\n|start\n|switch|p1a: Tornadus|Tornadus-Therian, M|100/100\n|switch|p2a: Tyranitar|Tyranitar, M|100/100\n|-weather|Sandstorm|[from] ability: Sand Stream|[of] p2a: Tyranitar\n|turn|1\n|inactive|Hairoll has 150 seconds left.\n|inactive|anos luz disconnected and has 300 seconds to reconnect!\n|player|p1|\n|inactive|anos luz reconnected and has 275 seconds left.\n|player|p1|anos luz|dawn|\n|\n|t:|1790536065\n|move|p1a: Tornadus|Knock Off|p2a: Tyranitar\n|-resisted|p2a: Tyranitar\n|-damage|p2a: Tyranitar|93/100\n|-enditem|p2a: Tyranitar|Leftovers|[from] move: Knock Off|[of] p1a: Tornadus\n|move|p2a: Tyranitar|Stealth Rock|p1a: Tornadus\n|-sidestart|p1: anos luz|move: Stealth Rock\n|\n|-weather|Sandstorm|[upkeep]\n|-damage|p1a: Tornadus|94/100|[from] Sandstorm\n|upkeep\n|turn|2\n|inactive|Hairoll has 150 seconds left.\n|\n|t:|1790536079\n|move|p1a: Tornadus|U-turn|p2a: Tyranitar\n|-supereffective|p2a: Tyranitar\n|-damage|p2a: Tyranitar|71/100\n|\n|t:|1790536082\n|switch|p1a: Clefable|Clefable, F|100/100|[from] U-turn\n|move|p2a: Tyranitar|Rock Blast|p1a: Clefable\n|-damage|p1a: Clefable|91/100\n|-damage|p1a: Clefable|83/100\n|-crit|p1a: Clefable\n|-damage|p1a: Clefable|70/100\n|-hitcount|p1a: Clefable|3\n|\n|-weather|Sandstorm|[upkeep]\n|-heal|p1a: Clefable|76/100|[from] item: Leftovers\n|upkeep\n|turn|3\n|inactive|Hairoll has 150 seconds left.\n|\n|t:|1790536098\n|switch|p2a: Volcanion|Volcanion|100/100\n|move|p1a: Clefable|Thunder Wave|p2a: Volcanion\n|-status|p2a: Volcanion|par\n|\n|-weather|Sandstorm|[upkeep]\n|-damage|p2a: Volcanion|95/100 par|[from] Sandstorm\n|-heal|p1a: Clefable|82/100|[from] item: Leftovers\n|upkeep\n|turn|4\n|\n|t:|1790536105\n|move|p1a: Clefable|Calm Mind|p1a: Clefable\n|-boost|p1a: Clefable|spa|1\n|-boost|p1a: Clefable|spd|1\n|move|p2a: Volcanion|Sludge Wave|p1a: Clefable\n|-supereffective|p1a: Clefable\n|-damage|p1a: Clefable|23/100\n|\n|-weather|Sandstorm|[upkeep]\n|-damage|p2a: Volcanion|89/100 par|[from] Sandstorm\n|-heal|p1a: Clefable|29/100|[from] item: Leftovers\n|upkeep\n|turn|5\n|\n|t:|1790536116\n|switch|p2a: Excadrill|Excadrill, F|100/100\n|move|p1a: Clefable|Soft-Boiled|p1a: Clefable\n|-heal|p1a: Clefable|79/100\n|\n|-weather|none\n|-heal|p1a: Clefable|85/100|[from] item: Leftovers\n|upkeep\n|turn|6\n|inactive|Hairoll has 150 seconds left.\n|\n|t:|1790536135\n|switch|p1a: Slowbro|Slowbro, F|100/100\n|-damage|p1a: Slowbro|88/100|[from] Stealth Rock\n|move|p2a: Excadrill|Swords Dance|p2a: Excadrill\n|-boost|p2a: Excadrill|atk|2\n|\n|upkeep\n|turn|7\n|inactive|Hairoll has 150 seconds left.\n|inactive|Hairoll has 120 seconds left.\n|\n|t:|1790536175\n|switch|p2a: Slowking|Slowking, M|100/100\n|move|p1a: Slowbro|Teleport|p1a: Slowbro\n|\n|t:|1790536186\n|switch|p1a: Tornadus|Tornadus-Therian, M|100/100|[from] Teleport\n|\n|upkeep\n|turn|8\n|\n|t:|1790536190\n|move|p1a: Tornadus|Defog|p2a: Slowking\n|-unboost|p2a: Slowking|evasion|1\n|-sideend|p1: anos luz|Stealth Rock|[from] move: Defog|[of] p1a: Tornadus\n|move|p2a: Slowking|Future Sight|p1a: Tornadus\n|-start|p2a: Slowking|move: Future Sight\n|\n|upkeep\n|turn|9\n|\n|t:|1790536200\n|move|p1a: Tornadus|Knock Off|p2a: Slowking\n|-supereffective|p2a: Slowking\n|-damage|p2a: Slowking|65/100\n|-enditem|p2a: Slowking|Shed Shell|[from] move: Knock Off|[of] p1a: Tornadus\n|move|p2a: Slowking|Teleport|p2a: Slowking\n|\n|t:|1790536223\n|switch|p2a: Volcanion|Volcanion|89/100 par|[from] Teleport\n|\n|upkeep\n|turn|10\n|\n|t:|1790536242\n|move|p1a: Tornadus|U-turn|p2a: Volcanion\n|-resisted|p2a: Volcanion\n|-damage|p2a: Volcanion|81/100 par\n|\n|t:|1790536243\n|switch|p1a: Slowbro|Slowbro, F|100/100|[from] U-turn\n|move|p2a: Volcanion|Steam Eruption|p1a: Slowbro\n|-resisted|p1a: Slowbro\n|-damage|p1a: Slowbro|62/100\n|-enditem|p1a: Slowbro|Eject Button\n|\n|t:|1790536253\n|switch|p1a: Garchomp|Garchomp, F|100/100\n|\n|-end|p1a: Garchomp|move: Future Sight\n|-crit|p1a: Garchomp\n|-damage|p1a: Garchomp|29/100\n|-heal|p1a: Garchomp|35/100|[from] item: Leftovers\n|upkeep\n|turn|11\n|\n|t:|1790536262\n|switch|p2a: Buzzwole|Buzzwole|100/100\n|move|p1a: Garchomp|Stealth Rock|p2a: Buzzwole\n|-sidestart|p2: Hairoll|move: Stealth Rock\n|\n|-heal|p1a: Garchomp|41/100|[from] item: Leftovers\n|upkeep\n|turn|12\n|\n|t:|1790536270\n|switch|p1a: Slowbro|Slowbro, F|95/100\n|move|p2a: Buzzwole|Toxic|p1a: Slowbro\n|-status|p1a: Slowbro|tox\n|\n|-damage|p1a: Slowbro|89/100 tox|[from] psn\n|upkeep\n|turn|13\n|\n|t:|1790536278\n|switch|p2a: Slowking|Slowking, M|98/100\n|-damage|p2a: Slowking|86/100|[from] Stealth Rock\n|move|p1a: Slowbro|Teleport|p1a: Slowbro\n|\n|t:|1790536285\n|switch|p1a: Melmetal|Melmetal|100/100|[from] Teleport\n|\n|upkeep\n|turn|14\n|\n|t:|1790536293\n|move|p1a: Melmetal|Toxic|p2a: Slowking\n|-status|p2a: Slowking|tox\n|move|p2a: Slowking|Scald|p1a: Melmetal\n|-damage|p1a: Melmetal|78/100\n|-status|p1a: Melmetal|brn\n|\n|-heal|p1a: Melmetal|84/100 brn|[from] item: Leftovers\n|-damage|p2a: Slowking|80/100 tox|[from] psn\n|-damage|p1a: Melmetal|78/100 brn|[from] brn\n|upkeep\n|turn|15\n|\n|t:|1790536302\n|switch|p1a: Tornadus|Tornadus-Therian, M|100/100\n|move|p2a: Slowking|Teleport|p2a: Slowking\n|\n|t:|1790536310\n|switch|p2a: Tornadus|Tornadus-Therian, M|100/100|[from] Teleport\n|\n|upkeep\n|turn|16\n|\n|t:|1790536314\n|move|p1a: Tornadus|Knock Off|p2a: Tornadus\n|-damage|p2a: Tornadus|80/100\n|-enditem|p2a: Tornadus|Heavy-Duty Boots|[from] move: Knock Off|[of] p1a: Tornadus\n|move|p2a: Tornadus|Knock Off|p1a: Tornadus\n|-damage|p1a: Tornadus|79/100\n|-enditem|p1a: Tornadus|Heavy-Duty Boots|[from] move: Knock Off|[of] p2a: Tornadus\n|\n|upkeep\n|turn|17\n|\n|t:|1790536318\n|move|p1a: Tornadus|U-turn|p2a: Tornadus\n|-resisted|p2a: Tornadus\n|-damage|p2a: Tornadus|73/100\n|\n|t:|1790536327\n|switch|p1a: Clefable|Clefable, F|85/100|[from] U-turn\n|move|p2a: Tornadus|Defog|p1a: Clefable\n|-unboost|p1a: Clefable|evasion|1\n|-sideend|p2: Hairoll|Stealth Rock|[from] move: Defog|[of] p2a: Tornadus\n|\n|-heal|p1a: Clefable|91/100|[from] item: Leftovers\n|upkeep\n|turn|18\n|\n|t:|1790536332\n|move|p2a: Tornadus|U-turn|p1a: Clefable\n|-resisted|p1a: Clefable\n|-damage|p1a: Clefable|86/100\n|\n|t:|1790536334\n|switch|p2a: Excadrill|Excadrill, F|100/100|[from] U-turn\n|move|p1a: Clefable|Thunder Wave|p2a: Excadrill\n|-immune|p2a: Excadrill\n|\n|-heal|p1a: Clefable|92/100|[from] item: Leftovers\n|upkeep\n|turn|19\n|\n|t:|1790536346\n|switch|p2a: Slowking|Slowking, M|100/100 tox\n|switch|p1a: Tornadus|Tornadus-Therian, M|100/100\n|\n|-damage|p2a: Slowking|94/100 tox|[from] psn\n|upkeep\n|turn|20\n|\n|t:|1790536350\n|move|p1a: Tornadus|U-turn|p2a: Slowking\n|-supereffective|p2a: Slowking\n|-damage|p2a: Slowking|65/100 tox\n|\n|t:|1790536351\n|switch|p1a: Garchomp|Garchomp, F|41/100|[from] U-turn\n|move|p2a: Slowking|Future Sight|p1a: Garchomp\n|-start|p2a: Slowking|move: Future Sight\n|\n|-heal|p1a: Garchomp|48/100|[from] item: Leftovers\n|-damage|p2a: Slowking|53/100 tox|[from] psn\n|upkeep\n|turn|21\n|\n|t:|1790536358\n|move|p1a: Garchomp|Stealth Rock|p2a: Slowking\n|-sidestart|p2: Hairoll|move: Stealth Rock\n|move|p2a: Slowking|Teleport|p2a: Slowking\n|inactive|Hairoll has 240 seconds left.\n|inactive|Hairoll has 210 seconds left.\n|\n|t:|1790536410\n|switch|p2a: Tornadus|Tornadus-Therian, M|100/100|[from] Teleport\n|-damage|p2a: Tornadus|76/100|[from] Stealth Rock\n|\n|-heal|p1a: Garchomp|54/100|[from] item: Leftovers\n|upkeep\n|turn|22\n|\n|t:|1790536416\n|switch|p1a: Slowbro|Slowbro, F|100/100 tox\n|move|p2a: Tornadus|Knock Off|p1a: Slowbro\n|-supereffective|p1a: Slowbro\n|-crit|p1a: Slowbro\n|-damage|p1a: Slowbro|74/100 tox\n|\n|-end|p1a: Slowbro|move: Future Sight\n|-resisted|p1a: Slowbro\n|-damage|p1a: Slowbro|57/100 tox\n|-damage|p1a: Slowbro|50/100 tox|[from] psn\n|upkeep\n|turn|23\n|\n|t:|1790536427\n|move|p2a: Tornadus|Defog|p1a: Slowbro\n|-unboost|p1a: Slowbro|evasion|1\n|-sideend|p2: Hairoll|Stealth Rock|[from] move: Defog|[of] p2a: Tornadus\n|move|p1a: Slowbro|Ice Beam|p2a: Tornadus\n|-supereffective|p2a: Tornadus\n|-damage|p2a: Tornadus|36/100\n|\n|-damage|p1a: Slowbro|38/100 tox|[from] psn\n|upkeep\n|turn|24\n|\n|t:|1790536433\n|move|p2a: Tornadus|U-turn|p1a: Slowbro\n|-supereffective|p1a: Slowbro\n|-damage|p1a: Slowbro|18/100 tox\n|\n|t:|1790536444\n|switch|p2a: Buzzwole|Buzzwole|100/100|[from] U-turn\n|move|p1a: Slowbro|Teleport|p1a: Slowbro\n|\n|t:|1790536451\n|switch|p1a: Clefable|Clefable, F|92/100|[from] Teleport\n|\n|-heal|p1a: Clefable|98/100|[from] item: Leftovers\n|upkeep\n|turn|25\n|\n|t:|1790536468\n|switch|p2a: Excadrill|Excadrill, F|100/100\n|move|p1a: Clefable|Calm Mind|p1a: Clefable\n|-boost|p1a: Clefable|spa|1\n|-boost|p1a: Clefable|spd|1\n|\n|-heal|p1a: Clefable|100/100|[from] item: Leftovers\n|upkeep\n|turn|26\n|\n|t:|1790536476\n|switch|p1a: Slowbro|Slowbro, F|51/100 tox\n|move|p2a: Excadrill|Iron Head|p1a: Slowbro\n|-resisted|p1a: Slowbro\n|-damage|p1a: Slowbro|36/100 tox\n|\n|-damage|p1a: Slowbro|30/100 tox|[from] psn\n|upkeep\n|turn|27\n|\n|t:|1790536484\n|move|p2a: Excadrill|Iron Head|p1a: Slowbro\n|-resisted|p1a: Slowbro\n|-damage|p1a: Slowbro|16/100 tox\n|cant|p1a: Slowbro|flinch\n|\n|-damage|p1a: Slowbro|4/100 tox|[from] psn\n|upkeep\n|turn|28\n|\n|t:|1790536495\n|move|p2a: Excadrill|Rapid Spin|p1a: Slowbro\n|-damage|p1a: Slowbro|0 fnt\n|-boost|p2a: Excadrill|spe|1\n|faint|p1a: Slowbro\n|\n|upkeep\n|\n|t:|1790536497\n|switch|p1a: Magnezone|Magnezone|100/100\n|-item|p1a: Magnezone|Air Balloon\n|turn|29\n|\n|t:|1790536504\n|move|p2a: Excadrill|Iron Head|p1a: Magnezone\n|-resisted|p1a: Magnezone\n|-damage|p1a: Magnezone|92/100\n|-enditem|p1a: Magnezone|Air Balloon\n|move|p1a: Magnezone|Magnet Rise|p1a: Magnezone\n|-start|p1a: Magnezone|Magnet Rise\n|\n|upkeep\n|turn|30\n|inactive|Hairoll has 240 seconds left.\n|\n|t:|1790536524\n|move|p2a: Excadrill|Iron Head|p1a: Magnezone\n|-resisted|p1a: Magnezone\n|-damage|p1a: Magnezone|83/100\n|cant|p1a: Magnezone|flinch\n|\n|upkeep\n|turn|31\n|\n|t:|1790536529\n|move|p2a: Excadrill|Iron Head|p1a: Magnezone\n|-resisted|p1a: Magnezone\n|-damage|p1a: Magnezone|73/100\n|move|p1a: Magnezone|Iron Defense|p1a: Magnezone\n|-boost|p1a: Magnezone|def|2\n|\n|upkeep\n|turn|32\n|\n|t:|1790536532\n|move|p2a: Excadrill|Iron Head|p1a: Magnezone\n|-resisted|p1a: Magnezone\n|-damage|p1a: Magnezone|69/100\n|cant|p1a: Magnezone|flinch\n|\n|upkeep\n|turn|33\n|\n|t:|1790536535\n|move|p2a: Excadrill|Iron Head|p1a: Magnezone\n|-resisted|p1a: Magnezone\n|-damage|p1a: Magnezone|64/100\n|move|p1a: Magnezone|Body Press|p2a: Excadrill\n|-supereffective|p2a: Excadrill\n|-crit|p2a: Excadrill\n|-damage|p2a: Excadrill|0 fnt\n|faint|p2a: Excadrill\n|\n|-end|p1a: Magnezone|Magnet Rise\n|upkeep\n|\n|t:|1790536549\n|switch|p2a: Tornadus|Tornadus-Therian, M|69/100\n|turn|34\n|\n|t:|1790536555\n|switch|p1a: Tornadus|Tornadus-Therian, M|100/100\n|move|p2a: Tornadus|Heat Wave|p1a: Tornadus\n|-damage|p1a: Tornadus|74/100\n|\n|upkeep\n|turn|35\n|\n|t:|1790536560\n|move|p1a: Tornadus|Heat Wave|p2a: Tornadus\n|-damage|p2a: Tornadus|45/100\n|move|p2a: Tornadus|U-turn|p1a: Tornadus\n|-resisted|p1a: Tornadus\n|-damage|p1a: Tornadus|67/100\n|inactive|Hairoll has 270 seconds left.\n|\n|t:|1790536566\n|switch|p2a: Slowking|Slowking, M|87/100 tox|[from] U-turn\n|\n|-damage|p2a: Slowking|80/100 tox|[from] psn\n|upkeep\n|turn|36\n|\n|t:|1790536568\n|move|p1a: Tornadus|U-turn|p2a: Slowking\n|-supereffective|p2a: Slowking\n|-damage|p2a: Slowking|54/100 tox\n|\n|t:|1790536570\n|switch|p1a: Garchomp|Garchomp, F|54/100|[from] U-turn\n|move|p2a: Slowking|Future Sight|p1a: Garchomp\n|-start|p2a: Slowking|move: Future Sight\n|\n|-heal|p1a: Garchomp|60/100|[from] item: Leftovers\n|-damage|p2a: Slowking|42/100 tox|[from] psn\n|upkeep\n|turn|37\n|\n|t:|1790536575\n|switch|p2a: Tornadus|Tornadus-Therian, M|79/100\n|move|p1a: Garchomp|Stealth Rock|p2a: Tornadus\n|-sidestart|p2: Hairoll|move: Stealth Rock\n|\n|-heal|p1a: Garchomp|66/100|[from] item: Leftovers\n|upkeep\n|turn|38\n|\n|t:|1790536587\n|move|p2a: Tornadus|Knock Off|p1a: Garchomp\n|-damage|p1a: Garchomp|45/100\n|-damage|p2a: Tornadus|66/100|[from] ability: Rough Skin|[of] p1a: Garchomp\n|-enditem|p1a: Garchomp|Leftovers|[from] move: Knock Off|[of] p2a: Tornadus\n|move|p1a: Garchomp|Scale Shot|p2a: Tornadus|[miss]\n|-miss|p1a: Garchomp|p2a: Tornadus\n|\n|-end|p1a: Garchomp|move: Future Sight\n|-damage|p1a: Garchomp|1/100\n|upkeep\n|turn|39\n|inactive|Hairoll has 270 seconds left.\n|\n|t:|1790536620\n|move|p2a: Tornadus|U-turn|p1a: Garchomp\n|-damage|p1a: Garchomp|0 fnt\n|-damage|p2a: Tornadus|54/100|[from] ability: Rough Skin|[of] p1a: Garchomp\n|faint|p1a: Garchomp\n|inactive|Hairoll has 270 seconds left.\n|\n|t:|1790536644\n|switch|p2a: Volcanion|Volcanion|81/100 par|[from] U-turn\n|-damage|p2a: Volcanion|56/100 par|[from] Stealth Rock\n|\n|upkeep\n|\n|t:|1790536649\n|switch|p1a: Magnezone|Magnezone|64/100\n|turn|40\n|\n|t:|1790536658\n|switch|p2a: Tyranitar|Tyranitar, M|71/100\n|-damage|p2a: Tyranitar|59/100|[from] Stealth Rock\n|-weather|Sandstorm|[from] ability: Sand Stream|[of] p2a: Tyranitar\n|move|p1a: Magnezone|Discharge|p2a: Tyranitar\n|-damage|p2a: Tyranitar|44/100\n|\n|-weather|Sandstorm|[upkeep]\n|upkeep\n|turn|41\n|inactive|Hairoll has 270 seconds left.\n|\n|t:|1790536669\n|move|p1a: Magnezone|Body Press|p2a: Tyranitar\n|-supereffective|p2a: Tyranitar\n|-damage|p2a: Tyranitar|0 fnt\n|faint|p2a: Tyranitar\n|\n|-weather|Sandstorm|[upkeep]\n|upkeep\n|\n|t:|1790536671\n|switch|p2a: Tornadus|Tornadus-Therian, M|87/100\n|-damage|p2a: Tornadus|62/100|[from] Stealth Rock\n|turn|42\n|\n|t:|1790536674\n|move|p2a: Tornadus|Heat Wave|p1a: Magnezone\n|-supereffective|p1a: Magnezone\n|-damage|p1a: Magnezone|0 fnt\n|faint|p1a: Magnezone\n|\n|-weather|Sandstorm|[upkeep]\n|-damage|p2a: Tornadus|56/100|[from] Sandstorm\n|upkeep\n|\n|t:|1790536676\n|switch|p1a: Clefable|Clefable, F|100/100\n|turn|43\n|\n|t:|1790536684\n|move|p2a: Tornadus|U-turn|p1a: Clefable\n|-resisted|p1a: Clefable\n|-damage|p1a: Clefable|94/100\n|\n|t:|1790536686\n|switch|p2a: Volcanion|Volcanion|56/100 par|[from] U-turn\n|-damage|p2a: Volcanion|31/100 par|[from] Stealth Rock\n|move|p1a: Clefable|Calm Mind|p1a: Clefable\n|-boost|p1a: Clefable|spa|1\n|-boost|p1a: Clefable|spd|1\n|\n|-weather|Sandstorm|[upkeep]\n|-damage|p2a: Volcanion|25/100 par|[from] Sandstorm\n|-heal|p1a: Clefable|100/100|[from] item: Leftovers\n|upkeep\n|turn|44\n|\n|t:|1790536689\n|move|p1a: Clefable|Moonblast|p2a: Volcanion\n|-resisted|p2a: Volcanion\n|-damage|p2a: Volcanion|0 fnt\n|faint|p2a: Volcanion\n|\n|-weather|none\n|upkeep\n|c|\u2606Hairoll|gg\n|c|\u2606anos luz|gg\n|-message|Hairoll forfeited.\n|\n|win|anos luz\n", "uploadtime": 1790536695, "views": "30", "formatid": "gen8ou", "rating": null, "private": 0, "password": null}